3372 5768
99 559 195 632 [721]
412 573 512 612 Erasmus
527 585 566 612 von
582 571 706 614 Rotterdsm
720 572 764 614 und
778 573 885 614 Martinus
900 573 993 623 Lipsius.

621 888 784 952 XXXIX.

254 1088 301 1142 D:
319 1087 471 1146 Martino
494 1087 613 1154 Lipsio
636 1090 673 1144 B.
697 1088 886 1156 Philippus
911 1090 1098 1156 Brugensis
1121 1092 1151 1146 S.

208 1269 408 1355 Quanquam
438 1270 600 1357 impendio
629 1271 708 1335 mihi
739 1270 862 1358 placeo,
895 1271 1023 1337 domine
1046 1275 1090 1337 mi
1112 1276 1145 1338 in
1168 1275 1294 1340 Christo

101 1373 242 1452 dilecte,
277 1392 452 1460 'nunquam
489 1385 597 1440 tamen
634 1375 823 1461 persuaderi
860 1379 994 1463 poterit,
1039 1381 1151 1443 merito
1188 1381 1294 1465 aliquo

101 1488 212 1542 nostro
249 1488 341 1544 tuum
373 1480 435 1544 hoc
469 1502 585 1544 munus
618 1481 651 1543 in
684 1503 736 1543 me
771 1480 922 1545 collatum
956 1504 1036 1546 esse.
1082 1482 1201 1562 Quare,
1235 1487 1295 1549 etsi

102 1585 204 1648 animi
236 1607 315 1669 erga
345 1607 396 1648 me
426 1586 473 1648 tui
502 1587 749 1672 propensionem
782 1587 940 1670 nimisque
974 1586 1112 1652 libenter
1144 1611 1293 1673 agnosco,

102 1697 207 1752 totum
239 1698 349 1754 temen
379 1699 453 1753 tinae
483 1688 673 1774 benignitati
686 1769 688 1776 γ
703 1692 862 1774 gratuitae
892 1692 974 1756 iusto
998 1713 1069 1755 meo
1099 1692 1222 1778 pudore
1245 1716 1295 1758 ae-

104 1803 239 1878 ceptum
278 1794 356 1859 fero.
402 1793 498 1873 Quod
535 1794 577 1859 ad
613 1804 840 1859 testamentum
877 1797 1003 1873 attinet,
1043 1819 1225 1882 quanquam
1263 1801 1295 1862 in

47 1929 49 1933 ·
103 1898 182 1962 iuris
219 1898 323 1961 ciuilis
358 1897 574 1963 voluminibus
607 1901 744 1983 vestigia
777 1899 999 1965 faciendorum
1032 1910 1295 1967 testamentorum

103 2001 204 2065 veluti
220 2025 281 2088 per
297 2003 456 2067 cancellos
481 2001 531 2090 (ut
553 2003 616 2066 dici
641 2002 733 2090 solet)
757 2005 953 2090 aspeximus,
978 2005 1100 2070 nullum
1123 2016 1230 2072 tamen
1253 2007 1296 2072 ad

105 2101 190 2170 hanc
216 2106 303 2172 diem
333 2107 458 2194 plenius
488 2109 702 2194 perscriptum
733 2118 923 2174 testamenta
947 2110 1107 2174 condendi
1131 2113 1294 2177 veteribus

108 2209 169 2274 illis
203 2212 338 2276 modum
373 2212 521 2277 vidimus
567 2214 680 2299 Itaque
713 2213 821 2278 multis
859 2214 1042 2280 nominibus
1079 2218 1296 2300 gratissimum

104 2315 165 2378 luit
197 2315 262 2380 hoc
282 2326 385 2396 'tuum
414 2340 540 2382 munus.
585 2318 712 2383 Placuit
741 2320 826 2382 enim
849 2320 989 2405 primum
1010 2321 1145 2398 nouitas,
1179 2320 1295 2385 deinde

107 2421 294 2485 venerenda
317 2422 476 2507 quaedam
498 2424 531 2487 in
554 2423 662 2487 verbis
691 2424 750 2488 sita
773 2426 941 2488 vetustatis
965 2424 1088 2508 effigies
1110 2434 1179 2490 tum
1200 2449 1294 2490 aures

105 2531 172 2587 tum
207 2526 352 2610 animum
386 2527 515 2604 refecit,
551 2536 712 2612 postremo
746 2529 779 2591 in
812 2527 873 2592 hoe
904 2527 1004 2592 veluti
1036 2551 1095 2614 per
1126 2531 1294 2616 speculum

106 2627 255 2694 relucens
289 2631 426 2694 eximius
460 2631 512 2694 ille
546 2633 644 2696 animi
675 2633 721 2696 tui
752 2631 873 2696 candor
901 2635 996 2698 unice
1030 2632 1210 2710 delectauit.
1256 2636 1295 2704 In

107 2732 209 2797 literis
242 2734 372 2820 quidem
405 2735 494 2822 apud
527 2759 584 2800 nos
618 2738 695 2801 noui
726 2747 777 2800 est
810 2736 888 2801 nihil
922 2736 1117 2823 deliciasque
1152 2739 1294 2806 exoticas
1325 2803 1329 2810 .

107 2837 286 2925 Hispaniea
308 2840 428 2918 classis,
457 2863 539 2926 quae
562 2843 759 2928 importaret,
783 2842 926 2906 nondum
950 2845 983 2906 in
1005 2844 1202 2910 Lilianorum
1224 2871 1295 2933 por-

110 2951 177 3007 tum
211 2946 342 3010 inuecta
375 2954 432 3009 est.
478 2935 544 3010 Sed
578 2957 670 3012 extra
703 2948 818 3011 iocum.
865 2948 957 3012 Mitto
988 2958 1029 3012 et·
1049 2972 1109 3033 ego
1139 2951 1213 3027 tibi,
1245 2955 1296 3015 vir

108 3047 325 3133 integerrime,
357 3052 464 3135 prisco
494 3073 583 3116 more
612 3075 680 3137 pro¹
701 3052 816 3116 nostris
847 3052 962 3137 opibus
993 3054 1181 3133 strenulam,
1212 3079 1295 3141 sym-

109 3149 218 3216 bolum
251 3155 369 3218 amoris
403 3167 480 3239 erga
513 3164 544 3219 te
578 3158 657 3234 mei,
693 3156 867 3220 obsecrans
901 3155 1064 3222 Christum
1096 3159 1226 3238 Jesum,
1261 3171 1297 3224 ut

109 3278 229 3322 annum
258 3257 345 3322 hunc
375 3260 501 3344 utrique
532 3269 677 3326 nostrum
706 3261 785 3324 velit
815 3270 893 3324 esse
914 3260 1095 3326 salutarem.
1141 3263 1237 3344 Quod
1270 3267 1296 3328 si

112 3359 180 3446 ipse
196 3384 255 3426 nos
272 3384 329 3426 sua
352 3362 522 3428 elementia
546 3366 686 3450 patiatur
701 3366 883 3450 impetrare,
907 3366 1009 3429 ausim
1025 3366 1154 3430 abunde
1178 3368 1296 3432 laetum

110 3487 148 3528 ae
181 3466 308 3532 felicem
347 3467 490 3532 firturum
529 3471 671 3534 ominari.
729 3469 802 3534 Scio
835 3469 930 3553 longe
973 3470 1129 3556 ampliora
1163 3482 1217 3537 tuo
1252 3472 1296 3536 illi

112 3590 187 3656 erga
209 3594 261 3636 me
284 3574 385 3638 amori
414 3572 535 3652 deberi,
567 3597 681 3638 verum
710 3576 743 3639 in
765 3596 919 3661 praesens
942 3575 1018 3638 boni
1031 3618 1034 3622 -
1049 3576 1205 3656 consulas,
1237 3601 1297 3642 nec

111 3695 178 3739 rem
201 3698 258 3741 suo
290 3675 340 3764 (ut
362 3677 493 3765 dicitur)
523 3678 616 3764 pede,
650 3678 706 3744 sed
737 3680 887 3744 donantis
910 3681 1016 3744 animo
1046 3683 1178 3746 metiore
1201 3684 1298 3748 etiam

112 3788 207 3866 atque
238 3782 334 3845 etiam
366 3805 429 3846 oro.
475 3782 557 3848 Vale
594 3793 626 3847 et
655 3784 841 3870 Philippum
877 3792 967 3848 tuum
997 3807 1107 3849 eorum
1137 3786 1210 3852 elbo
1244 3787 1297 3852 ed-

114 3886 253 3964 seribit0,
278 3888 332 3971 qui
354 3887 413 3952 tibi
436 3890 607 3953 exanimo
630 3888 713 3953 bene
738 3891 880 3974 eupiunt.
926 3889 979 3952 Ex
1001 3901 1109 3955 nostro
1132 3894 1297 3976 gurgustio

113 3989 145 4051 in
168 3990 301 4075 collegio
325 3991 533 4058 Lilianorum.

214 4132 270 4182 Aue
288 4133 347 4182 dem
367 4133 431 4184 Ood.
449 4135 514 4186 Hor.
533 4135 563 4185 Α.
583 4153 607 4200 p.
627 4137 669 4187 80.
