3372 5768
392 559 433 623 aa
910 573 1055 616 sorani.
1485 565 1575 638 [aas]

393 752 449 815 sed
485 760 597 814 uotum
633 750 773 836 appellat
809 751 1015 835 propositum.
1066 750 1277 814 Monachatus
1314 751 1402 813 nulla
1439 773 1575 835 usquam

391 856 518 918 mentio.
564 853 629 918 Oro
652 865 687 918 ut
709 855 814 918 denuo
837 856 943 918 mittas
970 853 1048 917 mihi
1070 855 1168 917 finem
1190 855 1402 918 annotationis
1425 855 1572 918 Leeicae.

392 959 476 1022 Nam
497 959 648 1022 schedam
669 969 756 1022 tuam
777 959 874 1021 semel
890 967 985 1043 atquc
1001 960 1117 1022 iterum
1132 958 1249 1022 lectam
1263 960 1297 1022 in
1316 961 1425 1042 ignem
1442 960 1573 1035 conieci,

392 1084 432 1125 nc
455 1063 519 1126 fors
542 1064 575 1126 in
598 1065 813 1126 ministrorum
839 1085 952 1126 manus
979 1063 1146 1126 incideret.
1190 1063 1264 1127 Non
1292 1065 1377 1127 enim
1399 1072 1506 1126 tutum
1528 1075 1575 1126 est

392 1168 562 1233 iuuenibus
592 1170 624 1230 in
654 1168 703 1231 his
730 1168 839 1231 fidere.
884 1169 982 1232 Porro
1013 1170 1150 1251 gemitus
1180 1177 1251 1232 tuos
1281 1191 1345 1232 non
1375 1167 1487 1252 probo,
1522 1161 1574 1252 'qui

392 1271 472 1334 adeo
495 1294 560 1335 non
582 1257 724 1356 prosunt,
748 1281 783 1334 ut
805 1272 951 1336 fortunae
973 1272 1151 1336 molestiam
1167 1272 1403 1357 conduplicent.
1450 1272 1497 1336 Ut
1511 1295 1574 1335 non

392 1480 436 1542 ita
457 1502 522 1543 non
545 1481 646 1543 ausim
669 1479 804 1542 suadere
827 1481 985 1564 cuiquam,
1010 1489 1045 1542 ut
1061 1480 1159 1543 semel
1174 1481 1313 1543 irretitus
1333 1490 1490 1565 erumpat,
1517 1483 1574 1543 nisi
1653 1476 1658 1495 '

392 1606 485 1647 casus
507 1584 622 1669 aliquis
646 1605 719 1646 eum
742 1582 864 1660 liberet,
888 1592 924 1648 ut
946 1583 1097 1647 dim'nitus
1121 1593 1290 1669 exemptus
1311 1584 1468 1648 uideatur.
1515 1585 1574 1647 Tot

391 1687 521 1772 laqueis,
551 1698 597 1752 tot
619 1687 763 1751 cathenis
786 1689 838 1750 isti
860 1685 1020 1772 pharisaei
1043 1710 1134 1751 suam
1157 1690 1413 1752 communierunt
1434 1692 1574 1774 tyranni-

392 1793 475 1856 dem.
520 1792 653 1855 Interim
683 1791 809 1855 oblecta
831 1802 862 1855 te
887 1792 1021 1856 lectione
1045 1815 1207 1856 sacrorum
1230 1793 1436 1856 uoluminum.
1482 1793 1573 1856 Mitto

391 1894 514 1959 libellos
537 1896 627 1972 duos,
658 1896 793 1959 alterum
820 1896 860 1959 de
887 1897 1007 1960 ratione
1036 1895 1133 1960 studii
1159 1896 1337 1981 theologici,
1369 1898 1508 1961 alterum
1535 1897 1573 1959 dc

392 2003 586 2084 argumentis
604 2000 809 2086 epistolarum
822 2001 1077 2086 apostolicarum.
1102 2003 1189 2065 Bene
1205 2003 1286 2078 nale,
1304 2003 1442 2066 Martine
1459 2003 1574 2066 charis-

392 2105 479 2168 sime.
521 2105 574 2168 Ex
596 2105 707 2170 Lili0.¹

493 2227 547 2277 hus
566 2228 625 2277 dem
645 2228 708 2278 Ood.
728 2229 792 2278 Hor.
811 2227 842 2280 A.
861 2246 885 2293 p.
903 2230 945 2277 44.

934 2408 1025 2473 VIII.
1482 2430 1574 2480 1519.Ἰ

508 2593 545 2646 D.
569 2594 734 2648 Erasmus
757 2593 874 2646 Rotar.
898 2593 937 2647 D.
962 2592 1112 2649 Martino
1136 2591 1269 2660 Lypaio
1292 2595 1399 2648 Brux.
1423 2595 1454 2648 S.

493 2759 539 2822 Mi
562 2759 708 2835 Martine,
740 2759 818 2822 nihil
848 2768 904 2836 est,
938 2759 1023 2845 quod
1053 2760 1139 2844 apud
1169 2781 1219 2823 me
1249 2760 1379 2844 quidem
1406 2771 1532 2824 metuas
1554 2785 1573 2824 a

389 2862 486 2939 Laco,
517 2884 558 2925 ne
589 2863 629 2927 ab
659 2863 699 2925 N.
725 2863 863 2948 quidem.
895 2863 1014 2927 Parum
1044 2862 1121 2927 mihi
1150 2863 1273 2942 tribuis,
1306 2866 1331 2926 si
1353 2865 1477 2928 iudicas
1500 2865 1572 2950 plus

390 2987 459 3029 esse
483 2966 606 3030 fructus
629 2989 671 3030 ex
692 2968 772 3030 meis
795 2969 931 3052 scriptis,
964 2989 1060 3052 quam
1084 2989 1125 3030 ex
1148 2968 1236 3045 Leei,
1262 2970 1316 3052 qui
1339 2991 1399 3031 nec
1423 2969 1572 3033 omnibus

390 3071 517 3155 scripsit
539 3092 600 3134 nec
623 3070 750 3134 utilitati
771 3070 930 3156 publicae,
963 3071 1020 3134 scd
1044 3094 1119 3136 suae
1142 3071 1270 3155 gloriae.
1315 3071 1385 3135 Nec
1409 3073 1572 3158 spectabis

389 3175 502 3258 opinor
524 3175 694 3239 Erasmum
718 3198 790 3238 cum
813 3175 900 3240 Leeo
924 3176 1192 3259 congredientem.
1238 3175 1312 3239 Non
1343 3176 1478 3240 deerunt
1508 3176 1569 3254 ahi,

389 3280 444 3363 qui
468 3300 541 3342 cum
564 3278 617 3342 illo
641 3279 898 3362 congrediantur.
943 3279 1032 3342 Bene
1055 3279 1137 3342 uale.

490 3402 545 3450 Aua
564 3402 624 3452 dem
642 3401 705 3452 cod.
724 3403 788 3452 Hor.
808 3402 838 3452 A.
857 3420 882 3467 p.
901 3401 987 3470 atsto.

948 3583 1007 3646 IX.

388 3765 465 3819 Dea.
481 3764 647 3819 Erasmus
664 3765 917 3822 Boterodamus
933 3766 1080 3822 Nicolao
1096 3762 1362 3832 Lutaenburgo³
1382 3768 1570 3824 martinen-

501 3869 594 3923 sium
617 3870 1154 3940 scholasticorumpraeceptori
1177 3871 1457 3940 vigilantissimo.

490 4038 728 4102 Humanissime
744 4037 885 4116 Nicolae,
909 4062 986 4102 num
1001 4049 1069 4102 erat
1084 4039 1142 4103 tibi
1161 4039 1266 4103 aditus
1289 4039 1330 4103 ad
1353 4063 1404 4103 me
1427 4042 1570 4125 aperien—

387 4139 447 4204 dus
470 4142 566 4205 misso
594 4142 689 4206 uino?
720 4143 809 4206 Tuus
840 4153 1031 4228 conspectus
1061 4143 1173 4207 fuisset
1203 4144 1302 4208 multo
1329 4147 1462 4227 gratior:
1495 4168 1571 4210 nam

429 4319 436 4349 ¹
455 4317 555 4366 Lilium
577 4333 631 4367 war
654 4319 698 4367 ein
720 4317 870 4382 Collegium
892 4320 919 4367 in
943 4320 1050 4381 lowen,
1078 4321 1106 4367 in
1133 4319 1194 4368 dem
1211 4319 1337 4369 Erasmus
1360 4319 1461 4369 damals
1484 4321 1571 4383 lebte3

455 4419 475 4452 a.
494 4403 613 4453 Clericus
632 4405 679 4453 III.
699 4406 757 4454 275.

430 4489 590 4556 ²Datirung
612 4492 681 4541 nach
703 4492 750 4541 der
770 4492 948 4558 Bemcrkung‚
971 4508 999 4542 cr
1017 4492 1094 4542 wolle
1117 4492 1191 4542 nicht
1213 4494 1262 4541 mit
1278 4494 1333 4542 Lee
1356 4493 1490 4558 kampton,
1515 4509 1573 4544 was

458 4577 630 4627 bekanntlich
649 4583 702 4628 crst
721 4581 787 4628 1520
804 4579 927 4644 geschah.

425 4664 436 4698 ³
452 4663 490 4713 Ist
507 4664 576 4714 wohl
594 4667 638 4715 ein
654 4665 828 4716 Vernandtar
846 4668 891 4718 des
903 4667 1035 4717 Antonius
1053 4668 1278 4733 Lutzenburgius,
1296 4669 1343 4718 der
1361 4667 1501 4718 Oekonom
1521 4669 1571 4718 des

454 4752 535 4803 Abtas
553 4753 578 4802 S.
592 4753 735 4804 Andomari
753 4770 806 4804 war
824 4755 878 4803 und
896 4770 931 4803 an
949 4755 1000 4805 den
1012 4755 1138 4804 Erasmus
1157 4757 1225 4805 ofter
1245 4757 1347 4806 schrieb
1362 4755 1406 4821 (cl.
1420 4756 1508 4822 Opera
1521 4759 1571 4810 III.
