3372 5768
531 1131 534 1140 ,
558 1074 733 1132 Martinus
755 1073 910 1143 Lypsius
934 1077 971 1130 B.
996 1087 1060 1130 suo
1082 1069 1271 1142 Philippo¹
1295 1075 1326 1130 s.
1351 1074 1390 1130 D.

485 1276 592 1356 Quam
614 1275 692 1340 mihi
714 1275 918 1362 placuissem,
943 1277 969 1339 si
991 1274 1100 1340 literas
1123 1275 1282 1340 duntaxat
1303 1277 1449 1362 recipere
1473 1277 1575 1340 conti-

380 1385 488 1466 gisset.
533 1381 618 1446 Nam
641 1381 674 1445 id
697 1380 798 1446 solum
814 1380 968 1459 venabar,
993 1403 1067 1445 cum
1091 1403 1208 1446 nouam
1227 1381 1323 1459 illam,
1347 1383 1411 1446 imo
1426 1392 1575 1445 ueterem

381 1486 623 1551 condendorum
638 1495 904 1550 testamentorum
919 1487 1076 1549 rationem
1091 1485 1151 1550 tibi
1166 1485 1385 1551 exhibendam
1400 1487 1574 1549 mitterem.

379 1591 476 1655 Nunc
491 1600 539 1655 tot
557 1592 718 1676 tantisque
741 1613 793 1655 me
816 1589 925 1655 obruis
947 1589 1145 1668 muneribus,
1169 1599 1205 1654 ut
1226 1591 1333 1676 ipsum
1352 1611 1482 1676 quoque
1497 1612 1575 1674 gau-

381 1697 479 1774 dium,
504 1717 568 1780 quo
591 1695 699 1760 affecit
720 1715 772 1758 me
795 1705 850 1758 tua
873 1695 1017 1780 epistola,
1045 1694 1177 1780 pudoris
1199 1693 1356 1759 rubecula
1379 1694 1574 1759 obducatur.

380 1800 491 1864 Prodii
514 1800 644 1885 quidem
663 1801 751 1884 prior
770 1800 803 1863 in
819 1822 959 1878 arenam,
985 1799 1042 1863 sed
1058 1821 1144 1863 nunc
1160 1800 1348 1863 temeritatis
1364 1821 1456 1864 meae
1472 1801 1575 1864 iustas

380 1905 433 1970 luo
466 1925 599 1989 poenas.
644 1902 719 1968 Tibi
752 1904 942 1989 triumphus,
977 1903 1056 1968 mihi
1085 1905 1190 1968 luctus
1220 1903 1421 1989 relinquitur,
1454 1905 1576 1967 iustum

381 2011 498 2095 cuique
521 2009 709 2094 praemium.
754 2010 878 2073 Verum
900 2009 962 2074 hoc
983 2009 1088 2073 habeo
1112 2008 1222 2086 solatii,
1255 2008 1342 2094 quod
1365 2011 1472 2073 victus
1502 2031 1577 2073 sum

380 2115 423 2179 ab
446 2115 694 2178 instructissimo
717 2113 826 2177 milite.
873 2112 939 2178 Sed
962 2135 1110 2178 currem
1131 2136 1247 2198 parum
1267 2136 1438 2179 amoenam
1453 2114 1576 2178 diutius

381 2219 505 2282 tracto?
551 2219 656 2282 Venio
679 2217 721 2281 ad
744 2217 831 2282 illam
854 2218 1008 2303 epistolae
1040 2228 1114 2282 tuae
1143 2227 1278 2303 partem,
1310 2218 1368 2283 ubi
1397 2217 1514 2282 scribis
1544 2219 1577 2280 in

381 2322 462 2386 haec
477 2322 593 2386 verba:
618 2321 771 2398 ‚Delicias
787 2323 930 2386 exoticas
947 2322 1058 2387 classis
1070 2322 1258 2409 Hispanica‚
1276 2343 1359 2408 quae
1374 2324 1574 2408 importaret,

382 2426 524 2490 nondum
555 2428 589 2490 in
611 2425 811 2490 Lilianorum
833 2436 962 2512 portum
985 2428 1114 2492 inuecta
1136 2435 1206 2492 est‘
1249 2428 1369 2492 Fateor
1390 2426 1440 2491 his
1463 2427 1576 2492 uerbis

384 2530 461 2594 mihi
483 2532 671 2596 memoriam
693 2533 855 2595 renouasti
878 2553 1045 2609 nouorum,
1070 2554 1152 2618 quae
1175 2532 1268 2597 nobis
1285 2531 1462 2598 Germania
1477 2533 1575 2596 misit.

382 2636 432 2701 Ea
454 2636 514 2701 tibi
534 2637 775 2701 communicare
798 2659 862 2700 non
885 2636 1103 2720 grauabimur,
1128 2659 1202 2701 cum
1225 2639 1323 2702 animi
1339 2639 1442 2722 gratia
1455 2637 1500 2702 ¹ad
1514 2659 1577 2700 nos

343 2816 346 2823 Ι
384 2740 551 2806 ambulare
574 2740 741 2826 placuerit.
786 2740 837 2804 Ne
860 2750 968 2805 tamen
990 2750 1022 2805 te
1045 2741 1163 2820 fallam,
1196 2741 1350 2828 scaphula
1372 2752 1497 2807 tantum
1520 2745 1578 2805 et2

384 2869 448 2910 non
474 2848 589 2931 ingens
615 2847 708 2911 nauis
740 2845 931 2910 Martinensi
962 2846 1059 2911 littori
1089 2846 1222 2932 appulit.
1268 2846 1434 2911 Aceruum
1466 2846 1577 2932 pagel-
1666 2927 1667 2932 ἵ

382 2949 494 3028 larum,
526 2972 661 3036 quarum
688 2951 828 3027 memini,
865 2973 938 3015 cum
965 2950 1018 3014 hic
1046 2972 1143 3028 esses,
1174 2950 1216 3014 ad
1244 2960 1275 3015 te
1302 2953 1402 3016 mitto,
1450 2952 1576 3015 Verum
1666 3021 1667 3024 Ἴ

383 3055 462 3118 nihil
485 3053 650 3131 addubito,
676 3055 753 3139 quin
775 3055 935 3140 permulta
958 3055 1001 3118 sis
1024 3054 1174 3132 lecturus,
1199 3077 1282 3140 quae
1304 3065 1360 3120 tuo
1383 3055 1490 3142 palato
1512 3055 1576 3118 dis·
1666 3067 1667 3116 3

382 3159 559 3245 plieebunt.
605 3160 644 3222 In
674 3160 712 3222 iis
743 3181 819 3244 ergo
849 3168 905 3223 tua
931 3161 1030 3223 utitor
1057 3159 1214 3237 libertate,
1246 3170 1413 3239 annotans,
1444 3170 1576 3225 mutans

383 3274 415 3327 et
438 3263 592 3342 adimens,
617 3272 712 3348 prout
734 3262 795 3326 tibi
813 3264 919 3328 visum
940 3263 1045 3328 fuerit.
1091 3263 1167 3327 Jam
1189 3265 1285 3355 enim
1299 3273 1491 3349 oportunum
1514 3274 1574 3341 est,
1666 3263 1667 3302 Τ

383 3379 419 3434 ut
441 3369 474 3433 id
496 3369 567 3434 fiat:
590 3391 651 3432 nec
672 3391 815 3454 unquam
839 3369 1037 3434 commodius
1052 3368 1114 3433 hoo
1130 3368 1285 3454 quicquid
1301 3379 1350 3433 est
1363 3369 1462 3433 taedii
1478 3369 1576 3433 deuo-

383 3496 455 3538 rare
484 3474 660 3558 poterimus
682 3481 788 3559 'quam
815 3496 911 3538 nunc.
958 3473 1030 3558 Age
1053 3475 1159 3558 igitur,
1190 3473 1252 3551 hic,
1282 3472 1335 3537 hic
1358 3475 1500 3559 inquam,
1528 3476 1576 3537 in-

383 3580 470 3663 genii
499 3580 546 3643 tui
572 3580 659 3642 vires
689 3588 815 3644 ostenta
846 3589 879 3643 et
908 3601 1015 3643 exere.
1061 3577 1147 3666 Opto
1170 3602 1190 3643 a
1212 3577 1347 3657 Christo,
1378 3588 1415 3643 ut
1444 3589 1575 3666 tempus

382 3683 443 3748 tibi
458 3685 623 3768 contingat
639 3685 814 3770 copiosum,
838 3706 901 3770 quo
916 3683 1010 3749 breui
1025 3683 1175 3748 absoluas
1190 3684 1233 3761 id,
1258 3684 1344 3769 quod
1360 3683 1459 3748 studii
1472 3687 1574 3749 nostri

385 3811 514 3853 cursum
545 3788 601 3852 diu
630 3788 841 3875 praepediuit,
878 3788 1055 3874 saltemque
1089 3811 1175 3852 nunc
1210 3788 1306 3852 ordiri
1339 3787 1436 3853 liceat
1464 3811 1573 3853 neces-

386 3895 502 3958 sariam
518 3893 689 3977 colligendi
706 3916 847 3978 operam.
892 3893 974 3958 Vale
990 3893 1135 3971 feliciter,
1160 3893 1262 3957 amice
1279 3892 1429 3957 candoris
1444 3895 1572 3977 integri-

384 3999 523 4082 tatisque
546 4000 750 4084 praecipuae,
775 4008 808 4063 et
830 3999 1001 4084 triumpha.

489 4122 545 4171 Aus
563 4122 623 4173 dem
642 4122 707 4173 Ood.
725 4123 790 4173 Hor.
809 4122 840 4172 Α.
860 4141 884 4189 p.
904 4125 946 4174 82.

430 4349 437 4380 ¹
456 4347 595 4415 Philippus
613 4351 764 4415 Brugensis.
800 4351 840 4401 cf.
859 4351 911 4402 den
930 4351 1054 4402 fritherun
1073 4351 1154 4402 Brief.

428 4435 438 4468 ²
457 4440 505 4486 cst.
1066 4431 1068 4436 ’
