3320 5742
346 459 388 523 82
864 473 1014 515 noranta.
1442 461 1540 534 [744]

346 655 494 716 incautus
518 651 644 729 dicitur,
669 653 725 737 qui
746 652 946 736 improuidus
970 660 1018 718 est
1040 661 1073 715 et
1086 653 1253 736 imperitus
1276 650 1319 714 ad
1342 648 1543 736 capiendum

348 756 516 822 consilium
540 757 665 842 sibique
688 757 960 842 prospiciendum.
1005 757 1059 820 Ex
1081 778 1144 842 quo
1167 754 1325 839 intelligat
1346 756 1478 818 minime
1505 776 1541 818 se

347 885 418 926 esse
452 862 612 938 idoneum,
649 863 703 947 qui
737 871 803 926 tam
837 862 947 926 arduis
978 883 1012 924 se
1042 861 1221 924 immisceat
1250 861 1403 944 negociis,
1450 859 1542 924 Hinc

348 967 464 1032 stultae
498 967 685 1031 obiectionis
708 967 857 1030 refutatio
880 966 1065 1042 vehemens
1101 966 1191 1030 utin
1223 988 1316 1030 suum
1344 974 1461 1050 pectus
1485 965 1541 1029 de-

345 1073 481 1136 scendat
496 1095 535 1136 ac
553 1093 586 1134 se
604 1074 711 1156 ipsum
726 1093 821 1136 nosse
837 1071 949 1148 discat,
967 1093 1008 1135 ne
1025 1093 1124 1156 supra
1139 1079 1286 1148 aetatem,
1311 1070 1540 1146 eruditionem,

346 1177 508 1242 fortunam
542 1177 684 1242 animum
718 1186 824 1260 gerat,
859 1177 1061 1261 imperatoris
1095 1177 1144 1240 sui
1178 1198 1217 1240 ac
1251 1176 1344 1240 ducis
1376 1175 1540 1260 exemplo.

347 1283 481 1346 Maneat
503 1283 536 1346 in
559 1281 665 1346 officio
696 1304 735 1344 ac
759 1282 900 1367 quietem
930 1290 1006 1364 agat
1037 1281 1150 1344 saltem
1180 1279 1351 1344 formidine
1384 1289 1541 1365 metuque

314 1453 318 1460 ,
348 1387 588 1472 suppliciorum,
613 1408 696 1471 quae
720 1409 740 1449 a
762 1407 869 1450 rerum
892 1387 1049 1470 imperitis
1072 1385 1235 1470 aliquanto
1258 1385 1372 1449 fortius
1396 1394 1541 1448 contem-

349 1501 469 1556 nuntur
492 1513 588 1575 quam
612 1491 768 1571 feruntur,
792 1501 827 1554 ut
850 1500 883 1564 et
904 1491 1022 1556 malam
1045 1513 1176 1556 oausam
1199 1513 1291 1556 suam
1320 1500 1352 1554 et
1375 1490 1542 1556 hominem

349 1619 382 1660 se
406 1599 562 1682 imparem
596 1597 692 1660 tantis
722 1596 820 1660 rebus
850 1605 946 1681 atque
977 1597 1131 1680 ineptum,
1163 1597 1353 1680 grauissima
1383 1595 1538 1681 pericula,

348 1701 578 1766 alienissimum
601 1711 728 1787 tempus
751 1701 916 1785 intelligat.
962 1702 1137 1778 Postremo
1169 1712 1205 1764 ut
1227 1700 1306 1766 nihil
1328 1723 1436 1764 rerum
1466 1703 1539 1764 ista-

313 1847 318 1856 ·
348 1807 488 1870 remita
511 1827 545 1868 se
569 1806 697 1887 habeat,
721 1807 852 1870 minime
881 1815 990 1870 tamen
1013 1805 1169 1890 expedire
1192 1815 1289 1890 atque
1312 1805 1393 1870 adeo
1426 1815 1540 1869 contra

349 1910 538 1974 charitatem
562 1931 641 1986 esse,
667 1911 753 1995 quod
776 1912 983 1995 responsione
1006 1910 1151 1974 adfertur
1172 1911 1206 1972 in
1228 1910 1380 1974 medium.

455 2014 647 2091 ,Prudenter
670 2025 725 2078 tua
749 2016 906 2079 sententia
941 2015 1027 2078 celas
1049 2013 1149 2078 libros
1171 2014 1342 2092 luteranos,
1367 2015 1437 2078 cela
1461 2037 1539 2100 ergo

349 2130 381 2183 et
404 2121 555 2197 animum,
590 2119 852 2204 quandoquidem
874 2129 999 2184 mutare
1029 2119 1168 2184 necdum
1199 2119 1288 2184 libet‘
1319 2129 1352 2184 et
1367 2131 1427 2183 cet.
1474 2120 1539 2184 Hic

348 2225 487 2289 hominis
511 2225 658 2288 caecitati
681 2225 791 2288 album
814 2224 971 2288 adiecisse
995 2225 1153 2288 calculum
1171 2234 1203 2287 et
1219 2225 1387 2290 consilium
1409 2225 1539 2289 dedisse

350 2352 424 2393 cum
447 2315 509 2415 ipsi
532 2331 709 2414 inprimis,
735 2339 802 2393 tum
825 2329 895 2392 aliis
917 2329 1026 2394 multis
1055 2339 1242 2414 pestemao
1265 2331 1442 2414 perniciem
1465 2329 1540 2394 alla-

349 2445 457 2499 turum
488 2456 614 2518 arguor,
646 2434 745 2520 idque
773 2435 832 2499 abs
862 2456 906 2511 re,
939 2435 1025 2519 quod
1056 2457 1107 2498 me
1137 2435 1244 2520 palam
1277 2436 1437 2501 facturum
1468 2457 1540 2498 esse

351 2538 478 2604 confido
500 2539 559 2617 his,
584 2561 666 2624 quae
689 2561 776 2604 nunc
799 2538 943 2604 dicturus
967 2562 1046 2603 sum.
1093 2538 1271 2624 Sapienter,
1296 2541 1453 2626 inquiunt,
1485 2541 1540 2604 ho-

349 2646 469 2709 minem
491 2645 598 2708 facere
629 2627 719 2710 diois.
765 2645 883 2708 Fateor
913 2644 1018 2709 isthuc
1047 2666 1099 2708 me
1131 2645 1212 2708 citra
1244 2647 1433 2730 cuiusquam
1462 2646 1540 2710 boni

350 2750 559 2814 offensionem
582 2749 691 2814 dicere
714 2751 856 2835 potuisse
879 2750 921 2814 ad
953 2751 1150 2834 superiorem
1173 2771 1279 2814 meam
1308 2751 1465 2814 rationem
1493 2753 1540 2815 in-

349 2854 557 2938 telligentiam
574 2854 751 2937 dirigendo,
776 2863 811 2918 ut
827 2853 1020 2939 quibusdam
1043 2857 1077 2917 in
1092 2854 1190 2919 rebus
1213 2855 1256 2918 ad
1279 2865 1406 2940 tempus
1430 2858 1539 2920 conni-

350 2981 469 3036 uerem,
495 2981 557 3043 quo
574 2961 716 3024 animum
731 2960 773 3024 ab
790 2959 1021 3024 austerioribus
1043 2960 1289 3024 medicamentis
1312 2959 1540 3026 abhorrentem

350 3065 551 3148 indulgentia
580 3064 743 3128 allicerem
774 3064 1032 3150 abducendoque
1065 3067 1184 3128 sensim
1206 3087 1226 3128 a
1249 3066 1407 3129 sententia
1437 3069 1540 3130 ueteri

350 3168 451 3232 ueluti
473 3191 532 3254 per
554 3169 674 3252 gradus
706 3169 749 3233 ad
779 3169 943 3233 meliorem
973 3171 1196 3255 uerioremque
1226 3169 1449 3254 perducerem,
1482 3171 1540 3235 sed

350 3274 458 3337 facere
481 3295 546 3336 non
570 3274 630 3337 fuit
652 3275 786 3350 animus,
820 3295 894 3338 oum
917 3274 1104 3338 facillimum
1135 3283 1221 3338 esset
1243 3296 1286 3338 ex
1313 3276 1540 3360 praesentibus

350 3377 493 3442 moribus
518 3379 735 3442 coniecturam
759 3378 875 3456 facere,
909 3381 934 3442 si
958 3401 1009 3442 res
1032 3379 1140 3465 palam
1163 3379 1250 3444 facta
1273 3389 1366 3457 esset,
1399 3402 1465 3445 non
1488 3380 1540 3444 de-

351 3483 484 3560 futuros,
518 3486 572 3568 qui
594 3486 763 3567 negocium
793 3485 887 3548 nobis
910 3484 1110 3563 exhiberent,
1142 3487 1312 3571 omniaque
1335 3487 1368 3550 in
1399 3486 1540 3552 deterius

350 3597 510 3672 raperent.
557 3587 683 3668 eribus
710 3612 751 3652 ne
774 3611 885 3668 ansam
912 3590 1010 3655 ullam
1040 3591 1231 3676 praeberem
1261 3591 1302 3654 ad
1333 3591 1539 3674 calumniam,

351 3693 541 3778 prudentiae
571 3694 729 3760 uocabulo
753 3696 798 3758 uti
825 3695 932 3771 malui,
965 3696 1052 3780 qnod
1074 3717 1225 3780 magnam
1248 3718 1267 3760 a
1290 3697 1449 3782 sapientia
1479 3697 1540 3762 dis-¹

353 3799 550 3882 crepantiam
572 3801 696 3884 recipit.
741 3800 838 3865 Nulla
861 3809 909 3864 est
932 3803 1018 3865 enim
1039 3802 1102 3865 nisi
1122 3823 1196 3865 oum
1218 3803 1346 3865 iusticia
1368 3803 1540 3866 coniuncta

353 3904 509 3988 sapientia
541 3905 745 3969 nominanda.
792 3903 838 3968 At
870 3905 1042 3991 prudentia
1073 3906 1280 3971 calliditatem
1313 3906 1409 3971 modo
1443 3917 1539 3992 atque

352 4010 529 4072 versutiam
552 4008 719 4091 significat,
745 4032 809 4095 qua
832 4010 994 4076 delectum
1016 4011 1136 4076 habere
1160 4013 1309 4076 nouimus
1332 4011 1540 4076 bonorumet

350 4112 531 4190 malorum,¹
555 4136 620 4178 non
643 4123 679 4177 ut
700 4137 834 4178 necesse
858 4117 899 4179 sit
921 4116 963 4180 ad
986 4116 1177 4202 prudentiae
1201 4139 1317 4180 munus
1341 4117 1539 4202 explendum

352 4216 469 4294 lacere,
499 4239 581 4302 quae
605 4220 688 4283 iusta
711 4229 743 4282 et
765 4229 855 4284 recta
878 4231 961 4302 sunt,
994 4221 1051 4285 sed
1074 4231 1199 4287 tantum
1222 4222 1390 4287 cuiusdam
1413 4221 1540 4286 artificii

352 4322 474 4386 habere
498 4324 672 4388 scientiam.
720 4322 773 4388 Sic
803 4326 836 4390 in
866 4327 992 4390 arcanis
1020 4327 1119 4390 literis
1148 4327 1285 4411 legimus
1314 4327 1539 4412 prudentiores

353 4449 423 4490 esse
446 4427 479 4489 in
502 4430 706 4510 generatione
730 4452 788 4494 sua
810 4429 891 4494 filios
915 4431 1013 4494 seculi
1036 4431 1130 4496 huius
1154 4431 1226 4496 filiis
1249 4431 1339 4496 lucis.
1363 4431 1437 4497 Non
1453 4432 1539 4517 quod

396 4655 404 4688 ¹
424 4655 477 4706 Cic.
497 4656 530 4707 da
548 4655 593 4706 fin.
613 4658 644 4706 V.
664 4660 704 4720 23,
724 4658 770 4722 673
789 4664 859 4708 auct.
878 4658 911 4708 ad
930 4659 994 4710 Her.
1014 4659 1061 4708 HI.
1081 4661 1105 4722 2,
1124 4661 1148 4710 3.
