3372 5768
377 572 420 634 42
897 589 1044 632 Horawitz.

377 764 517 827 alienum
539 765 588 827 ius
611 774 644 827 et
667 765 854 828 consultoris
877 774 984 850 partes
1007 765 1208 842 vindicarim,
1233 787 1332 850 quum
1352 765 1430 830 mihi
1446 766 1567 830 iudicis

377 868 546 932 dumtaxat
567 870 741 953 permissae
764 879 881 933 essent.
906 869 972 933 Sed
994 869 1094 955 quid?
1119 868 1172 933 sic
1195 870 1263 933 fere
1283 869 1334 933 fit:
1357 869 1567 934 inhaeremus

377 973 493 1048 vetitis,
526 972 734 1037 dormitamus
764 973 867 1037 licitis.
913 973 1120 1038 Somniabam
1151 984 1183 1037 et
1216 975 1400 1039 metuebam
1429 973 1566 1052 bellum,

377 1085 550 1162 antequam
579 1079 613 1140 in
642 1077 808 1162 publicum
838 1079 997 1163 prodisset
1027 1077 1136 1142 hostis.
1182 1078 1249 1143 Sed
1270 1080 1304 1144 id
1328 1101 1447 1165 quaeso
1469 1101 1566 1143 meae

376 1182 423 1245 uti
445 1191 615 1267 aeeeptum
634 1182 720 1245 feras
736 1182 905 1259 sedulitati,
930 1205 1021 1268 quae,
1046 1205 1146 1269 quum
1160 1183 1295 1248 nimium
1309 1184 1406 1248 fuerit
1421 1184 1546 1260 similis,
1559 1187 1567 1226 ¹

377 1287 535 1371 peeoauit.
579 1285 714 1350 Gaudeo
736 1296 853 1364 tamen,
878 1287 964 1372 quod
986 1309 1077 1352 meae
1100 1290 1278 1352 occurreris
1299 1288 1565 1373 pusillanimitati,

378 1391 464 1476 quod
484 1401 515 1454 te
534 1399 751 1476 praestantem
773 1392 871 1455 animi
892 1394 1128 1469 monstraueris‚
1153 1393 1239 1478 quod
1261 1392 1368 1457 hostes
1391 1402 1423 1456 et
1446 1393 1568 1457 calum-

377 1495 571 1560 niatormdos
601 1497 668 1580 pati
698 1497 801 1580 possis
824 1506 857 1559 et
878 1497 1030 1581 patiendo
1053 1499 1192 1561 vincere.
1238 1498 1308 1581 Ego
1330 1506 1362 1561 te
1385 1507 1494 1562 lorsan
1516 1520 1567 1562 ex

376 1601 483 1664 animo
505 1621 577 1663 meo
601 1599 766 1663 metiebar.
795 1599 861 1664 Sed
883 1602 995 1665 merito
1019 1601 1169 1665 dissentis
1191 1623 1378 1686 precorque,
1403 1611 1438 1666 ut
1460 1602 1567 1666 facias

378 1705 442 1768 diu.
488 1703 658 1768 Tentanda
687 1704 741 1767 uia
771 1713 828 1782 est,
860 1727 925 1790 qua
954 1715 986 1768 te
1015 1707 1119 1791 possis
1141 1705 1252 1770 tollere
1274 1705 1371 1770 humo
1394 1707 1567 1792 victorque

378 1809 484 1872 virum
506 1807 640 1872 volitare
662 1829 721 1893 per
743 1812 832 1873 ora.2
876 1809 940 1889 Qui
964 1809 1096 1874 sollicite
1120 1809 1294 1874 obseruat³
1315 1810 1428 1888 nubes,
1456 1832 1567 1896 neque

378 1921 463 1975 seret
484 1933 590 1997 neque
613 1921 720 1976 metet.
744 1912 919 1998 Nunquam
941 1914 1044 1978 timidi
1068 1923 1207 1978 statuere
1230 1915 1372 1999 trophea,
1397 1937 1568 2000 nunquam

377 2016 488 2098 ignaui
516 2015 642 2100 pugiles
672 2014 773 2080 tulere
800 2017 950 2102 palmam.
995 2017 1088 2082 Idem
1109 2027 1187 2104 puto
1211 2018 1251 2082 de
1274 2021 1444 2082 temeraria
1467 2019 1567 2083 eonfi-

378 2119 496 2196 dentia,
528 2121 580 2183 eui
602 2121 680 2184 nitio
703 2143 768 2184 non
791 2143 825 2185 es
849 2120 1016 2199 obnoxius,
1045 2130 1080 2185 ut
1103 2123 1159 2207 qui
1180 2130 1212 2185 te
1234 2123 1359 2208 Dorpio
1382 2123 1566 2187 consultore

377 2247 510 2288 usurum
533 2225 656 2290 soribas
678 2236 752 2289 ante
776 2247 872 2310 quam
894 2226 1013 2291 lectore
1035 2228 1226 2312 promiscuo,
1258 2229 1321 2312 qui,
1353 2236 1389 2290 ut
1419 2237 1469 2291 est
1490 2249 1568 2291 000-

378 2326 471 2404 latus,
502 2329 619 2413 poterit
646 2329 838 2408 discernere,
871 2331 948 2415 quid
971 2354 1023 2394 res
1045 2340 1166 2416 poseat,
1191 2352 1253 2416 quo
1275 2331 1426 2416 loquente
1449 2333 1567 2395 merito

377 2431 470 2496 nobis
501 2433 674 2497 tacendum
697 2443 753 2497 est.
800 2434 913 2519 Neque
937 2445 985 2500 est
1007 2435 1093 2520 quod
1115 2434 1272 2499 Thersitis
1294 2445 1350 2499 aut
1371 2435 1460 2519 vulgi
1483 2437 1567 2500 iudi-

379 2537 463 2601 cium
484 2559 629 2623 quaeras,
654 2561 754 2623 quum
768 2538 886 2602 Nestor
907 2539 966 2603 tibi
987 2549 1019 2603 et
1034 2539 1104 2603 Ioni
1119 2539 1262 2624 aequalis
1278 2539 1409 2604 oonsilio
1424 2540 1566 2626 Ulysses

378 2641 420 2705 ad
442 2664 573 2706 manum
596 2643 645 2705 sit.
669 2643 771 2706 Vides
784 2665 892 2729 quam
914 2665 999 2707 ame
1016 2643 1216 2720 desciuerim,
1241 2643 1461 2728 obiurgatione
1478 2647 1567 2710 iusta

379 2757 553 2832 correptus.
600 2748 803 2833 Importunas
826 2749 1009 2812 monitriees
1032 2747 1185 2812 mulctato
1207 2757 1244 2812 ut
1265 2748 1353 2813 libet.
1395 2749 1447 2813 Tu
1469 2773 1563 2828 saue,

376 2872 416 2914 ne
440 2873 531 2937 spem
553 2853 682 2916 inanem
705 2852 824 2929 foueas,
855 2875 896 2916 ne
920 2875 994 2917 eum
1020 2861 1195 2938 gygantem
1225 2854 1377 2931 timueris,
1410 2865 1567 2918 nascatur

376 2955 532 3019 ridiculus
554 2961 651 3020 mus.4
688 2957 779 3020 Vale.

479 3080 534 3129 Aua
553 3081 613 3130 dom
632 3079 696 3130 Cod.
715 3081 780 3130 Hor.
798 3080 829 3130 A.
848 3097 873 3146 p.
893 3083 934 3130 62.

912 3321 1025 3386 XXII.
1070 3405 1072 3408 Ι
1459 3347 1564 3394 150005

524 3505 700 3562 Gerendus
724 3505 852 3560 Riuius
875 3505 1069 3561 Gandsnsis
1093 3505 1241 3561 Martino
1265 3505 1407 3574 Lypsio.

478 3672 758 3753 Quemadmodum
781 3673 878 3738 rebus
900 3675 1061 3758 ambiguis
1084 3683 1116 3737 et
1138 3674 1333 3758 inexpeditis
1356 3673 1495 3738 solemus
1517 3676 1562 3742 ad

374 3777 514 3840 numinis
536 3777 670 3840 alieuius
694 3777 858 3842 oraculum
881 3779 1055 3862 confugere
1074 3788 1130 3842 aut
1145 3780 1250 3842 virum
1265 3782 1451 3861 πολύμητιν,6
1473 3781 1562 3864 quod

375 3902 433 3944 nos
462 3881 585 3945 uiribus
616 3881 714 3945 diffisi
744 3890 896 3946 euentum
918 3882 1135 3968 desperemus,
1168 3884 1214 3946 sie
1237 3905 1297 3966 ego
1320 3882 1485 3968 deplorato
1508 3906 1561 3946 ne-

375 3986 459 4068 gocii
491 3985 577 4070 quod
606 3986 722 4051 affecto
754 3988 851 4064 exitu,
884 3987 1013 4052 sedulus
1035 3998 1124 4052 tuam
1147 4010 1241 4073 opem
1263 3987 1407 4073 imploro.
1453 3989 1504 4054 Ao
1527 3991 1561 4052 in

375 4110 466 4173 spem
489 4098 610 4153 certam
632 4090 777 4154 adducor
799 4093 927 4155 omnino
949 4114 1007 4176 pro
1030 4101 1085 4155 tua
1108 4091 1260 4174 singulari
1282 4092 1508 4156 beneuolentia
1528 4102 1560 4155 te

420 4318 426 4350 ¹
447 4315 684 4380 Unverstendlieh3
703 4317 840 4370 viellsieht
857 4333 939 4384 quum
958 4320 1064 4369 nimiae.

415 4403 426 4437 ²
444 4402 548 4452 Ennius
566 4403 610 4453 bei
629 4402 684 4453 Cic.
704 4404 769 4470 disp.
789 4406 866 4454 Tuse.
885 4407 906 4454 I.
928 4409 967 4467 15,
987 4408 1028 4455 34.

418 4491 427 4523 ³
446 4491 616 4540 obsoruabit?
844 4483 846 4490 ¹

416 4578 426 4610 ⁴
443 4579 508 4628 Hor.
527 4578 612 4644 Epist.
631 4579 665 4629 Π.
684 4581 709 4643 3,
730 4581 787 4629 139.

417 4666 578 4731 ⁵Datirung
596 4667 665 4716 nach
683 4683 708 4732 p.
728 4669 786 4729 705,
805 4666 874 4716 Note
893 4670 916 4717 2.

416 4753 426 4788 ⁶
445 4753 491 4805 Hs.
510 4751 647 4821 πολιμῆτιν.
