3320 5742
373 539 415 602 70
894 555 1039 597 Horuwitz.

374 753 484 794 curam
507 740 712 816 nostramque
735 731 925 796 industriam
951 731 1123 817 postulant.
1168 733 1291 797 Verum
1319 742 1364 811 tu,
1394 744 1430 798 ut
1456 734 1570 808 audio,

374 843 463 898 tanta
486 857 583 919 opera
605 845 757 920 tantoque
781 836 887 900 studio
910 838 1038 901 natiuae
1061 847 1135 901 triae
1159 838 1340 902 claritudini
1367 839 1570 924 reliquisque

373 949 441 1004 tum
468 949 601 1004 natiuae
629 951 698 1005 tum
725 941 871 1006 fortunae
898 942 1027 1006 dotibus
1049 943 1147 1006 animi
1169 943 1256 1008 bona
1277 945 1407 1028 parasti,
1438 953 1477 1008 ut
1503 967 1570 1007 cer-

373 1046 463 1109 tatim
492 1055 524 1109 te
555 1046 616 1109 sibi
642 1045 795 1109 vendicet
821 1045 896 1109 hinc
927 1047 1001 1110 aula
1027 1048 1144 1130 regalis
1172 1048 1213 1112 ob
1240 1047 1440 1113 nobilitatem
1468 1049 1571 1134 plane

372 1151 502 1234 regiam,
536 1149 624 1214 illinc
658 1149 876 1214 ecelesiastica
909 1151 1031 1216 semotio
1064 1152 1106 1216 ob
1136 1154 1342 1239 episcopatus
1372 1153 1569 1237 dignitatem

373 1257 534 1319 eximiam.
579 1255 672 1318 Haec
696 1277 771 1319 cum
792 1278 911 1340 magna
933 1278 1003 1320 esse
1026 1257 1173 1334 fateatur,
1202 1259 1347 1343 quisquis
1369 1258 1423 1322 vel
1444 1260 1569 1322 micam

372 1359 471 1424 habet
494 1361 563 1423 sani
585 1359 704 1437 iudicii,
737 1360 816 1424 nihil
839 1370 946 1424 tamen
970 1370 1027 1438 est,
1059 1361 1146 1447 quod
1174 1371 1206 1425 et
1232 1362 1310 1426 mihi
1333 1371 1365 1425 et
1387 1362 1456 1426 aliis
1483 1363 1569 1426 adeo

305 1495 307 1499 ³
372 1465 488 1528 reddat
514 1463 681 1527 mirabile¹
704 1487 743 1528 ac
773 1467 957 1548 gratiosum,
989 1487 1086 1551 quarn
1113 1466 1201 1552 quod
1227 1466 1460 1531 beneficentiae
1491 1477 1569 1530 tuae

372 1569 479 1633 radios
503 1569 655 1632 latissime
679 1568 841 1633 diffundis.
888 1568 976 1649 Quid
999 1571 1085 1634 enim
1108 1568 1158 1656 (ut
1173 1592 1191 1633 e
1206 1570 1315 1634 multis
1337 1593 1437 1635 unum
1458 1573 1568 1657 profe-

372 1673 456 1759 ram)
480 1675 513 1736 in
528 1683 560 1737 te
576 1673 673 1737 officii
690 1673 868 1738 contulerat
883 1675 1008 1738 iuuenis
1028 1675 1097 1752 iste,
1120 1683 1157 1738 ut
1179 1696 1253 1738 eum
1275 1677 1308 1739 in
1328 1685 1418 1740 tuam
1433 1676 1569 1740 cliente

372 1777 436 1842 lam
452 1800 632 1842 assumeres
653 1800 691 1842 ec
711 1800 775 1842 non
797 1779 862 1841 iam
884 1787 920 1842 ut
942 1778 1107 1857 famulum,
1132 1779 1189 1843 sed
1205 1789 1241 1842 ut
1255 1779 1356 1843 filium
1372 1781 1569 1866 complecte-

372 1882 474 1946 reris?
519 1883 591 1946 Hoc
623 1891 709 1946 certe
740 1884 878 1960 nomine,
910 1893 947 1947 ut
973 1906 1087 1948 verum
1117 1884 1228 1962 fatear,
1259 1907 1425 1970 nunquam
1454 1887 1568 1964 etiam,

373 1988 399 2048 si
414 1987 571 2050 Nestorea
593 1989 757 2070 contingat
778 1989 846 2050 uita
869 1987 1043 2073 Croesique
1067 2011 1153 2074 opes,
1177 1992 1353 2074 poterimus
1375 2001 1449 2054 tuae
1473 1993 1569 2056 celsi-

372 2090 475 2155 tudini
505 2093 605 2156 iustas
635 2092 756 2156 hebere
786 2093 914 2176 gratias.
965 2091 1117 2158 Gratulor
1147 2117 1189 2157 ex
1215 2097 1321 2159 animo
1347 2097 1568 2181 Portugalliae

372 2218 482 2280 regno,
507 2196 560 2260 vel
583 2196 624 2261 ob
647 2197 680 2260 id
702 2198 786 2262 inter
808 2206 936 2261 caetera
959 2198 1123 2262 christiani
1146 2198 1232 2263 orbis
1247 2221 1348 2283 regna
1367 2200 1567 2279 felicissimo,

373 2302 460 2387 quod
492 2301 563 2366 talis
595 2304 740 2388 tantique
768 2301 925 2387 praesulis
955 2303 1154 2386 gubernetur
1184 2305 1345 2388 auspiciis.
1389 2305 1570 2391 Rehquum

374 2414 431 2482 est,
463 2415 499 2468 ut
521 2428 608 2470 orem
631 2415 727 2492 atque
749 2407 872 2470 utinam
895 2429 1027 2471 exorem
1050 2416 1138 2471 tuam
1161 2411 1398 2493 synceritatem
1428 2419 1465 2473 ut
1490 2433 1570 2475 eum

373 2519 404 2573 te
428 2510 584 2575 exhibeas
607 2512 703 2575 etiam
725 2513 758 2574 in
780 2511 924 2575 futurum
943 2522 997 2576 tuo
1020 2512 1189 2590 Rumoldo,
1214 2535 1310 2598 quem
1325 2513 1367 2577 ad
1382 2514 1443 2578 hoc
1458 2538 1569 2600 usque

373 2625 500 2701 tempus
517 2616 699 2694 exhibuisti,
722 2618 777 2701 qui
792 2617 847 2701 pia
862 2616 1002 2701 quadam
1018 2617 1142 2681 duricia
1156 2627 1307 2702 parentes
1323 2641 1442 2704 eosque
1458 2641 1568 2697 senec,

374 2729 526 2804 cognatos
550 2730 582 2784 et
604 2720 717 2784 affines
740 2722 943 2806 patriumque
961 2721 1063 2785 solum
1083 2722 1231 2786 deserere
1255 2723 1367 2786 meluit
1389 2746 1486 2808 quem
1514 2726 1570 2788 vel

373 2833 404 2886 te
417 2824 527 2888 fallere
539 2825 592 2888 vel
606 2824 724 2888 diutius
738 2835 792 2888 tuo
805 2825 947 2888 fraudari
963 2836 1139 2911 conspectu
1157 2878 1264 2890 .....
1269 2831 1281 2871 ²
1296 2849 1420 2892 morum
1435 2838 1570 2894 tuorum

373 2939 465 3012 grata
479 2930 613 2993 comitas
630 2938 662 2992 et
673 2930 792 3013 ingenii
804 2931 885 2993 mira
896 2929 1042 2994 facilitas.
1067 2930 1238 2994 Caeterum
1250 2954 1291 2994 ne
1303 2933 1362 2996 tibi
1374 2942 1442 2996 tum
1454 2937 1568 3018 regiae

373 3044 442 3099 tum
454 3034 610 3098 ecclesiae
622 3037 764 3118 negociis
776 3035 905 3098 assidue
916 3037 1039 3099 intento
1051 3036 1170 3099 diutius
1183 3039 1242 3100 sim
1255 3036 1417 3115 molestus
1433 3037 1567 3123 loquaci

373 3142 507 3204 nimium
537 3140 690 3226 epistolae
722 3140 819 3203 finem
847 3141 1018 3225 imponam.
1064 3140 1110 3204 Ut
1139 3149 1248 3203 tamen
1278 3141 1385 3226 aliquo
1416 3143 1568 3226 symbolo

373 3268 481 3309 meum
503 3247 536 3308 in
559 3255 590 3309 te
614 3246 756 3309 animum
778 3255 921 3324 testarer,
954 3247 1059 3310 visum
1090 3256 1139 3309 est
1169 3255 1243 3309 tuae
1271 3233 1478 3310 dominationi
1503 3247 1568 3312 hoc

373 3352 498 3414 mittere
532 3351 767 3428 munusculum,
808 3351 872 3414 vile
910 3351 1041 3436 quidem
1075 3360 1108 3414 et
1139 3353 1302 3435 exiguum,
1342 3351 1400 3414 sed
1427 3353 1568 3438 simplici

374 3478 574 3541 synceroque
604 3465 735 3540 pectore
764 3455 915 3520 collatum
942 3465 974 3519 et
1000 3455 1063 3519 tale
1094 3478 1153 3541 per
1181 3457 1295 3532 omnia,
1328 3456 1423 3542 quale
1449 3479 1470 3520 a
1490 3480 1568 3522 mea

373 3561 527 3623 tenuitate
550 3561 633 3623 mitti
655 3584 715 3646 par
738 3570 819 3624 erat:
843 3583 960 3646 paruos
984 3562 1068 3624 enim
1091 3583 1193 3646 parua
1216 3561 1341 3624 decent.
1388 3561 1431 3624 Et
1453 3571 1487 3625 ut
1512 3564 1568 3626 ali-

374 3665 452 3751 quid
482 3674 671 3750 praetexam
699 3666 877 3743 temeritati,
908 3665 993 3729 hanc
1024 3665 1185 3743 fiduciam,
1217 3665 1302 3729 hanc
1332 3669 1464 3729 ansam3
1485 3668 1566 3732 mihi

372 3771 522 3856 praebuit
544 3780 600 3834 tua
621 3770 813 3847 humanitas,
837 3793 858 3834 a
880 3793 951 3836 meo
975 3779 1112 3855 cognato
1135 3772 1228 3835 toties
1251 3793 1305 3834 ore
1328 3770 1424 3855 pleno
1439 3773 1566 3856 praedi-

374 3885 454 3939 cata.
500 3877 632 3940 Utinam
659 3897 737 3939 vero
761 3864 875 3938 eadem
897 3884 953 3939 tua
975 3876 1165 3959 benignitas,
1198 3897 1281 3960 quae
1303 3877 1453 3938 iuuenem
1476 3875 1566 3940 hunc

373 3982 406 4042 in
429 3982 679 4044 tuum'asseruit
704 3979 905 4057 famulitium,
937 4002 988 4044 me
1020 4002 1149 4066 quoque
1180 3981 1239 4044 tibi
1269 3980 1503 4044 deditissimum
1533 3984 1565 4044 in

375 4084 519 4168 catalogo
538 4085 696 4148 asscribat
718 4085 938 4163 amiculorum,
964 4087 1018 4170 qui
1042 4107 1084 4148 ex
1106 4087 1212 4149 animo
1235 4085 1294 4149 tibi
1316 4085 1401 4148 bene
1418 4086 1562 4170 cupiunt.

375 4189 429 4253 Ad
452 4190 533 4254 haec
557 4191 582 4252 si
606 4189 684 4274 quid
707 4191 774 4267 erit,
802 4191 835 4253 in
859 4212 922 4275 quo
945 4200 1019 4254 tuae
1043 4190 1225 4254 celsitudini
1248 4191 1423 4276 poterimus
1446 4192 1564 4274 gratifi-

375 4295 450 4372 cari,
483 4297 549 4357 siue
577 4293 729 4380 precibus
760 4295 827 4358 siue
855 4295 1080 4381 aliispietatis
1109 4295 1231 4373 officiis,
1263 4294 1316 4359 vel
1339 4317 1399 4377 ego
1422 4294 1475 4358 vel
1498 4298 1564 4358 mei

419 4561 424 4592 ¹
445 4557 600 4608 mirabilem.

417 4645 426 4677 2
444 4646 509 4694 Hier
528 4647 562 4694 ist
579 4647 640 4695 eine
658 4651 778 4710 grossere
796 4647 898 4696 Lticke.

416 4732 426 4766 ³
443 4747 545 4782 ausum.
870 4737 873 4743 '
