3372 5768
132 556 229 629 [687]
437 569 537 608 Erasmus
552 581 592 608 von
605 569 729 610 Rotterdam
743 571 786 610 und
800 571 906 612 Martinus
920 571 1013 621 Lipsius.
1272 557 1314 620 25

133 743 278 807 diuinem
308 745 386 830 quid
415 744 473 809 tibi
502 746 676 810 acciderit?
712 745 833 832 Scripsi
865 748 907 811 ad
936 757 968 810 te
998 747 1151 812 schedam
1180 771 1313 834 paruam

133 847 233 932 idque
256 870 298 911 ex
320 858 477 934 tempore3
509 872 583 914 nam
605 850 764 934 urgebant
786 851 856 916 aha.
901 852 964 915 Hic
987 852 1124 916 Leeieae
1147 854 1314 918 cuiusdam

132 951 347 1017 adnotationis
369 953 470 1017 uerba
492 955 668 1032 interserui,
693 955 750 1018 sed
772 955 917 1020 indicans
940 978 979 1019 ea
997 956 1085 1033 Leei,
1109 980 1173 1020 uon
1188 957 1312 1042 Lypsii.

130 1057 202 1120 Aut
217 1059 313 1140 igitur
328 1060 525 1122 semisomnis
545 1068 601 1122 aut
622 1061 656 1122 in
678 1061 795 1122 ecstasi
816 1061 937 1145 positus
964 1083 1035 1124 mea
1061 1062 1180 1146 scripta
1199 1061 1311 1145 legisti,

131 1169 199 1225 noir
229 1162 415 1226 discernens
444 1164 528 1226 inter
549 1163 673 1226 Leeum
700 1173 732 1228 et
761 1164 933 1248 Lypsium3
964 1187 1039 1228 nam
1065 1166 1099 1228 in
1125 1167 1188 1229 tuis
1215 1165 1313 1229 literis

130 1265 241 1351 palam
262 1267 339 1330 mihi
355 1266 467 1331 tribuis
484 1289 530 1344 ea,
555 1289 637 1353 quae
653 1289 688 1330 re
703 1289 781 1332 uera
795 1269 874 1332 Leei
890 1280 972 1332 sunt.
1018 1268 1072 1333 Sic
1088 1271 1172 1334 enim
1189 1271 1312 1334 scribis

131 1371 229 1448 ‚Vide
252 1393 380 1456 quaeso,
404 1393 466 1457 quo
490 1371 658 1458 supercilio
677 1374 738 1436 ista
760 1375 878 1458 scripta
900 1383 974 1438 sunt
995 1374 1115 1439 abste.
1159 1374 1312 1454 Recanta,

130 1476 274 1560 inquam,
298 1474 455 1544 ubimale
476 1477 620 1540 cecinisti
639 1486 671 1540 et
693 1485 766 1541 cet!
789 1477 908 1561 Relege
929 1499 1048 1564 quaeso
1071 1501 1178 1543 meum
1201 1481 1313 1565 episto·
1416 1539 1417 1543 ,

130 1580 211 1644 lium
227 1590 258 1644 et
272 1580 356 1658 uide,
380 1583 470 1645 cuius
485 1581 565 1645 haec
580 1583 708 1654 nornine
724 1593 964 1647 recenseantur:
989 1593 1021 1647 et
1039 1606 1117 1648 mox
1131 1585 1313 1669 perpendes

129 1693 164 1747 te
188 1687 270 1748 inter
291 1685 464 1769 legendum
479 1687 558 1750 mire
574 1686 672 1750 fuisse
687 1687 924 1752 hallucinatum.
964 1687 1035 1764 ‚Sed
1057 1710 1208 1773 quorsum
1224 1710 1311 1773 opus,

129 1799 169 1852 ut
191 1789 223 1852 in
246 1811 343 1853 causa
364 1790 497 1854 nimium
519 1792 602 1854 iusta
624 1791 702 1854 mihi
724 1791 843 1855 diutius
859 1793 1061 1877 patrociner‘?
1085 1791 1256 1857 Caeterum
1279 1794 1313 1855 in

128 1893 295 1982 literarum
324 1904 451 1958 tuarum
482 1894 569 1959 calce
600 1894 686 1978 lego:
717 1895 831 1972 ,Perde
859 1895 917 1959 has
939 1897 1056 1960 literas‘
1080 1907 1112 1960 et
1135 1907 1195 1961 cet.
1240 1896 1313 1961 Non

130 1997 219 2061 soleo
247 1997 404 2062 clarorum
430 2000 572 2062 uirorum
598 2000 734 2085 perdere
765 2001 892 2085 scripta.
937 2001 1124 2066 Recordam
1150 2002 1255 2086 potius
1282 2003 1314 2064 in

130 2101 264 2165 cedrina
286 2103 426 2187 capsula.
471 2103 561 2166 Bene
583 2103 664 2182 uale,
688 2106 731 2167 mi
750 2105 893 2182 Erasme,
918 2113 950 2168 et
971 2104 1129 2190 persuade
1152 2104 1211 2168 tibi
1226 2104 1314 2189 Lyp-

130 2208 215 2269 sium
236 2229 300 2270 non
328 2229 398 2270 esse
428 2208 603 2291 malignum
631 2218 758 2272 tuorum
788 2231 920 2294 operum
950 2209 1221 2294 reprehensorem,
1256 2209 1313 2272 sed

128 2312 221 2396 pium
243 2313 348 2396 potius
364 2312 524 2376 lectorem.
570 2314 622 2376 Ex
637 2313 880 2378 Martiuensium
896 2312 1130 2378 Canonicorum
1147 2312 1311 2377 coenobio.

234 2434 288 2484 hus
306 2434 365 2484 dem
384 2435 447 2484 Cod.
466 2436 530 2485 Hor.
548 2435 580 2486 A.
599 2453 624 2501 p.
642 2438 684 2487 42.

128 2681 254 2730 Lcwsn.
680 2661 754 2725 VH.
1224 2682 1310 2731 151a¹

209 2862 376 2917 Erasmus
399 2859 653 2915 nocerodamus
677 2861 716 2916 D.
741 2860 890 2916 martino
914 2861 1045 2928 Lypsio
1069 2863 1176 2916 Brux.
1201 2864 1231 2918 S.

233 3043 367 3108 Gaudeo
391 3045 548 3108 somnium
572 3067 651 3121 esse,
676 3044 761 3130 quod
783 3039 902 3129 'alioqui
925 3044 1114 3109 demirabar.
1161 3043 1310 3109 Sciebam

128 3150 290 3235 quaedam
312 3171 381 3212 esse
404 3149 491 3226 Leei,
522 3149 578 3212 sed
601 3151 857 3222 intermiscueras
880 3158 935 3214 tua
958 3149 1067 3227 verba,
1096 3149 1182 3235 quod
1205 3150 1310 3213 Leeus

127 3254 217 3339 apud
231 3265 263 3317 tc
278 3252 489 3318 calumniatus
505 3264 590 3317 esset
605 3254 645 3317 de
660 3263 781 3318 mutato
797 3253 893 3318 cultu.
924 3253 975 3317 Ac
990 3277 1067 3318 mox
1082 3255 1308 3331 succedebant,

127 3381 212 3444 quae
247 3359 289 3423 ad
320 3370 351 3423 te
390 3361 511 3445 scripsi,
552 3381 634 3444 quae
672 3360 782 3423 itidem
816 3359 970 3445 putabam
1003 3381 1073 3423 esse
1106 3369 1170 3424 tua.
1215 3360 1310 3422 Nunc

127 3465 236 3528 mirari
260 3464 386 3528 desino:
410 3466 472 3527 imo
496 3463 581 3548 quod
601 3486 665 3541 non
679 3465 880 3547 arrogantius
897 3465 1059 3548 scripserit
1073 3466 1178 3528 miror.
1203 3463 1310 3548 Suspi-

130 3567 231 3632 cabar
252 3568 313 3631 hoc
334 3569 438 3652 ipsum
460 3589 539 3644 esse,
564 3567 604 3631 ob
627 3567 713 3652 quod
732 3567 830 3631 nollet
852 3567 928 3631 mihi
944 3569 1179 3631 communicare
1195 3566 1311 3631 librum

127 3695 231 3735 suum.
275 3672 338 3736 Pro
365 3671 491 3736 xeniolo
519 3671 622 3736 habeo
650 3674 794 3756 gratiam.
840 3672 947 3736 Locus
974 3695 1070 3757 quem
1097 3674 1232 3757 quaeris,
1262 3683 1311 3735 est

91 3787 96 3794 “
127 3776 216 3860 apud
238 3774 463 3858 Augustinum,
496 3785 581 3840 tomo
604 3776 664 3838 XI.
687 3775 768 3840 libro
792 3775 832 3839 de
855 3776 1041 3840 haeresibus
1069 3776 1111 3839 ad
1134 3775 1310 3855 Quoduult·

127 3881 234 3957 deum,
258 3882 376 3964 pagina
398 3880 481 3943 illius
504 3879 578 3943 libri
601 3881 751 3945 secunda.
790 3879 912 3965 Capitis
934 3882 1060 3944 initium
1079 3889 1140 3944 est:
1165 3880 1310 3964 ‚Aposto-

126 3985 182 4048 lici
205 3987 259 4069 qui
284 3993 326 4048 se‘
351 3993 382 4047 et
405 3994 466 4048 cet.
483 3985 572 4068 Lege
592 3985 758 4070 epistolam
773 3983 946 4068 Augustini
968 3986 1009 4049 ad
1026 3985 1202 4062 Aurelium,
1227 4007 1309 4069 quae

127 4100 177 4152 est
203 4111 335 4153 numero
364 4090 415 4152 76.
460 4089 513 4151 Ex
544 4112 582 4152 ea
613 4091 688 4152 satis
718 4099 853 4174 apparet
874 4090 1091 4174 Augustinum
1120 4112 1184 4152 non
1211 4088 1309 4152 fuisse

125 4193 329 4257 monachum.
374 4193 413 4256 111
440 4193 566 4257 duabus
594 4194 810 4271 concionibus,
843 4216 922 4278 quas
952 4195 993 4258 ad
1020 4194 1174 4278 populum
1196 4192 1309 4256 habuit

127 4298 168 4362 de
193 4297 317 4361 clericis
346 4300 410 4363 suis
439 4297 510 4384 (eae
533 4298 692 4363 habentur
718 4300 801 4363 inter
823 4300 977 4364 confictos
1001 4320 1162 4362 sermones
1185 4297 1227 4361 ad
1249 4297 1309 4360 fra-

125 4413 193 4466 tres
217 4405 375 4480 eremitas,
398 4425 531 4466 numero
553 4403 604 4465 4⁶2.
630 4412 661 4465 et
682 4402 750 4488 43.)
781 4404 924 4467 meminit
945 4402 1151 4488 professionis
1174 4412 1205 4465 et
1228 4403 1308 4466 uoti:
1390 4457 1393 4462 .

170 4649 177 4681 ¹
197 4647 326 4698 Schliesse
351 4648 394 4697 ich
421 4663 469 4698 ans
493 4648 539 4698 der
562 4648 733 4714 Erw'ahnung
760 4649 807 4698 der
823 4648 899 4698 Actio
924 4663 971 4697 seu
992 4645 1131 4697 methodus
1153 4645 1308 4710 compendio

195 4736 369 4802 perueniendi
387 4735 420 4784 ad
438 4751 529 4785 ueram
548 4735 716 4799 theologiam,
735 4736 777 4785 dic
798 4737 863 4786 1519
883 4735 1010 4784 erschien.
