3372 5768
394 521 436 584 32
910 533 1060 577 nomia
1488 520 1580 593 [694]

393 710 567 796 peculiare,
592 711 711 775 diutius
734 732 776 773 ex
798 709 853 773 illa
876 708 1043 773 sodalitate
1059 708 1220 792 religionis
1243 709 1310 772 iure
1334 707 1485 793 copulata
1508 729 1581 772 con-

393 819 495 880 tinere
519 839 583 880 non
607 837 677 878 esse
708 824 968 880 consentaneum.
1014 814 1115 878 Vides
1143 814 1361 897 cogitationes,
1393 814 1485 876 vides
1509 812 1580 876 eon-

394 921 464 985 silia
487 922 676 1007 suppetisse,
709 920 826 1005 quibus
848 921 1024 1006 potuissem
1047 920 1194 982 meritam
1225 917 1368 981 fortassis
1398 919 1579 1002 iustamque

394 1025 523 1110 culpam
539 1025 694 1108 effugere:
718 1033 751 1088 at
766 1025 884 1102 nescio,
909 1045 972 1110 quo
987 1033 1083 1108 pacto
1099 1024 1231 1086 interim
1249 1022 1424 1086 incidentia
1445 1025 1580 1107 negocia

393 1129 562 1194 lectionem
602 1130 810 1214 abruperunt.
862 1129 997 1193 Interim
1030 1138 1139 1192 tamen
1173 1150 1238 1191 non
1279 1129 1395 1191 minori
1434 1126 1579 1191 lectionis

393 1235 548 1298 fruendae
570 1256 678 1298 amore
700 1233 844 1311 tenebar,
869 1256 952 1320 quae
975 1233 1028 1296 vel
1050 1235 1150 1297 inuito
1173 1255 1225 1296 me
1241 1241 1308 1296 tam
1323 1233 1379 1296 diu
1394 1232 1447 1295 hie
1462 1231 1580 1295 librum

393 1339 546 1424 alligauit.
593 1337 763 1403 Caeterum
793 1339 925 1402 tandem
959 1337 1047 1402 illam
1077 1339 1141 1400 vici
1172 1339 1393 1424 pertinaciam.
1438 1337 1503 1400 Hic
1533 1347 1581 1400 est

394 1443 485 1522 liber,
519 1443 636 1521 saluus,
668 1444 802 1528 integer,
826 1443 959 1529 hospes:
991 1442 1070 1506 nihil
1091 1443 1125 1504 in
1148 1463 1185 1506 eo
1208 1442 1262 1505 vel
1284 1440 1380 1527 culpa
1402 1441 1455 1504 vel
1484 1440 1581 1524 negli-

393 1549 503 1631 gentia
525 1570 597 1610 mea
619 1556 749 1632 ruptum
772 1556 828 1610 aut
849 1569 966 1611 rasum.
1011 1543 1125 1610 Restat
1146 1547 1243 1629 igitur
1257 1545 1491 1610 beneficentiae
1507 1554 1580 1608 tuae

393 1653 581 1738 praemium.
608 1651 687 1716 Jure
712 1652 799 1714 enim
822 1653 940 1737 optimo
963 1652 1063 1715 mein
1086 1672 1160 1714 aere
1183 1660 1238 1714 tuo
1261 1673 1331 1713 esse
1352 1671 1527 1734 cognosco:
1549 1660 1582 1713 at

393 1777 579 1841 pauperem,
602 1765 636 1818 at
657 1755 750 1819 exilis
772 1756 828 1832 rei,
852 1765 886 1818 at
907 1777 971 1832 non
995 1755 1174 1833 soluendo,¹
1206 1755 1258 1818 cui
1277 1777 1335 1840 pro
1351 1755 1467 1841 opibus
1490 1754 1582 1818 adest

393 1862 529 1937 animus,
546 1882 604 1946 pro
621 1859 787 1923 beneficiis
803 1859 960 1937 voluntas,
978 1881 1036 1944 pro
1051 1861 1306 1923 remuneratione
1318 1860 1365 1921 aci
1377 1861 1582 1942 ἀντιδωρείαιςῖ

394 1964 554 2050 gratitudo
570 1975 666 2050 atque
690 1973 837 2028 conatus:
861 1966 921 2028 etsi
943 1987 1000 2050 pro
1023 1967 1135 2028 merito
1158 1974 1212 2028 tuo
1235 1986 1300 2028 non
1323 1965 1399 2028 satis
1422 1973 1580 2042 strennua,

393 2079 427 2133 at
450 2069 589 2133 sedulus
634 2069 759 2133 Unicus
790 2091 880 2133 meae
908 2071 1072 2133 tenuitatis
1102 2079 1289 2156 praetextus
1319 2079 1377 2147 est,
1411 2053 1508 2154 quod¹
1530 2069 1580 2132 ille

393 2176 453 2237 ait:
488 2173 527 2236 ln
549 2175 674 2258 magnis
697 2183 730 2236 et
751 2173 890 2237 uoluisse
922 2183 971 2237 sat
993 2177 1068 2237 est.3
1110 2173 1160 2236 Ne
1191 2183 1300 2237 tamen
1329 2174 1582 2260 undequaquam

393 2281 501 2361 ἅδωρος
532 2277 654 2356 uidear,
685 2286 774 2341 tuam
803 2277 1028 2342 liberalitatem
1062 2288 1225 2364 expertus
1260 2280 1372 2363 accipe
1403 2277 1582 2342 uersiculos

396 2383 464 2460 hos,
489 2404 528 2446 ea
543 2382 646 2446 fronte
664 2404 727 2467 qua
743 2381 825 2446 soles
841 2386 1017 2447 amicorum
1040 2371 1155 2460 omnia,
1179 2384 1298 2446 autoris
1320 2384 1461 2467 inopiam
1484 2393 1582 2468 atque

394 2489 504 2552 sordes
539 2487 670 2552 olentes.
716 2487 750 2552 Si
785 2491 870 2552 enim
904 2512 987 2576 quae
1020 2489 1115 2554 uolo⁴
1149 2497 1313 2574 praestare
1344 2510 1408 2553 non
1438 2510 1580 2574 possum,

393 2601 480 2656 certe
515 2614 597 2677 quae
628 2592 730 2656 uale0.
776 2592 915 2657 Carmen
944 2595 1042 2677 igitur
1069 2594 1182 2678 accipe
1212 2592 1418 2678 phaleucium
1449 2591 1582 2677 quidem

392 2696 481 2774 illud,
506 2707 539 2760 at
561 2699 712 2761 ieiunum.

703 2823 811 2887 Ignorat
828 2822 920 2872 Parios
938 2822 1032 2872 domus
1050 2821 1152 2872 colores

702 2909 871 2973 Paupertatis
889 2925 956 2960 onus
973 2910 1063 2975 grauis
1081 2909 1191 2960 ferentis

701 2997 813 3070 Abiecta
831 2997 975 3063 agricolae.
993 2998 1105 3047 rotantis
1123 3011 1217 3046 aurum

702 3083 771 3149 'Pagi
789 3099 841 3134 non
860 3084 961 3134 adeunt
978 3085 1078 3134 fluenta
1097 3085 1171 3133 ciues

701 3170 801 3234 Exiles,
821 3186 908 3237 neque
926 3172 1063 3222 Persicum
1081 3171 1212 3221 talentum

702 3257 790 3306 Herus
809 3262 906 3308 tractat
923 3260 1013 3324 inops:
1033 3257 1079 3308 sed
1097 3259 1148 3307 ista
1167 3271 1230 3306 cura

702 3345 815 3410 Magnos
833 3350 905 3395 certe
924 3346 1017 3412 opibus
1034 3347 1153 3411 requirit.
1177 3345 1253 3409 atqui

701 3431 748 3481 81⁵
766 3431 848 3497 (quod
866 3433 1049 3499 conspicuum)
1068 3434 1118 3483 sibi
1136 3431 1251 3482 facultas

700 3518 837 3584 Adgestat,
856 3519 938 3569 trahit
956 3524 984 3570 at
1002 3519 1073 3570 mala
1090 3520 1246 3585 agminatim

592 3649 595 3656 .
700 3607 854 3672 Paupertas,
872 3607 923 3657 sibi
941 3607 1008 3657 dura
1025 3612 1123 3658 cuncta
1141 3607 1264 3656 subdens.

700 3693 781 3743 Parui
799 3709 883 3759 parua
901 3695 1010 3758 dabunt,
1028 3694 1143 3746 videnda
1162 3696 1260 3759 magni.

700 3780 769 3830 Nam
788 3796 870 3846 quum
888 3786 943 3831 tam
961 3784 1035 3832 vario
1053 3782 1160 3832 fortuna
1177 3781 1255 3831 vultu

701 3866 766 3917 Sese
783 3872 854 3918 tecta
872 3868 941 3919 ferat
958 3870 986 3919 in
1004 3885 1050 3919 ora
1069 3873 1196 3932 nostrum,

700 3955 772 4006 Huic
789 3955 863 4020 felix,
882 3957 993 4021 stabilis,
1010 3956 1052 4007 illi
1070 3957 1201 4007 timenda:

700 4042 817 4093 'lantum
835 4046 947 4110 quisque
965 4049 1053 4109 potest
1070 4044 1142 4110 quod
1160 4044 1226 4094 haec
1244 4043 1342 4094 refudit
1477 4045 1508 4092 15

700 4129 827 4196 Prompta
846 4132 939 4181 dextra
957 4147 1046 4195 manu,
1064 4132 1117 4182 fors
1136 4137 1183 4182 aut
1200 4134 1315 4182 sinistra.

700 4216 759 4267 Hoc
778 4233 858 4283 saepe
876 4219 984 4270 hercule
1002 4236 1063 4269 cum
1081 4235 1186 4270 mecum
1204 4219 1324 4281 reuoluo,

436 4321 754 4418 1mamhm

432 4439 442 4472 ²
459 4439 595 4506 Richtiger
613 4437 777 4510 ἀντιδωρεαῖς.

401 4527 442 4566 »³
460 4528 538 4592 Prop.
555 4527 632 4594 Eleg.
651 4531 685 4580 11.
707 4533 747 4594 10,
766 4534 790 4580 6.

430 4615 442 4647 ⁴
459 4615 552 4666 uabeo.

433 4701 444 4735 ⁵
462 4701 513 4752 Sic.
