3372 5768
107 488 213 562 [713]
436 505 538 546 Erasmus
552 517 592 546 von
607 506 731 548 Rottsrdam
745 507 789 548 und
803 507 910 548 Martinus
923 508 1018 559 Lipsius.
1279 497 1318 560 51

108 679 209 766 quood
235 687 274 742 te
302 681 436 765 dignum
460 683 508 759 sit,
533 682 591 746 sed
614 682 699 767 quod
722 693 886 768 praestare
908 686 1030 769 possim
1053 707 1113 770 ogo
1129 687 1217 752 aliud
1232 689 1320 754 nihil.

107 782 252 848 Verum
278 787 371 870 prius
392 786 477 864 audi,
508 787 585 871 quid
608 771 744 851 cuidam'
759 786 921 852 Graeculo
944 811 986 852 ex
1008 789 1070 854 hoc
1092 790 1181 855 lusus
1203 814 1322 876 genere

108 888 210 971 apud
236 887 431 974 Augustum
452 871 638 955 aediderit¹
665 890 797 956 Solebat
819 891 998 956 Graeculus
1021 894 1152 978 quidam
1174 894 1322 981 Augusto

109 993 146 1055 in
171 993 347 1078 palatium
369 995 556 1059 ascendenti
578 995 790 1060 honorificum
813 998 1011 1081 epigramma
1030 1001 1203 1084 porrigere.
1229 1000 1322 1066 Cum-

111 1119 182 1182 que
218 1099 317 1163 idem
343 1099 486 1164 facturus
509 1101 674 1165 videretur
696 1111 729 1164 et
750 1100 916 1186 paululum
938 1113 1124 1182 moraretur,
1153 1103 1322 1190 Augustus

112 1202 281 1268 chartam
310 1206 458 1291 poposcit
486 1228 525 1270 ac
554 1207 642 1292 prior
670 1206 713 1270 ad
743 1205 833 1270 illum
860 1209 1015 1272 exarauit.
1060 1208 1109 1273 llo
1132 1220 1266 1296 accepto
1290 1221 1321 1275 et

112 1308 315 1374 collaudato
339 1309 486 1374 Graccus
515 1311 549 1374 in
577 1297 713 1380 fundam
742 1333 919 1396 pauperem
949 1313 1088 1378 demissa
1117 1337 1215 1378 manu
1245 1338 1321 1400 pau-

114 1414 215 1478 culos
243 1416 396 1479 denarios
419 1417 576 1501 prompsit
597 1424 630 1478 et
652 1415 705 1486 illi¹
721 1416 810 1480 dedit
831 1416 1005 1480 adiiciens:

232 1624 317 1687 Risu
347 1625 488 1688 omnium
518 1624 704 1689 subsecuto·
720 1626 851 1689 uocauit
873 1624 1040 1710 Augustus
1067 1628 1321 1713 dispensatorem

117 1737 153 1791 et
188 1729 348 1814 myriada
382 1729 599 1792 sestertiorum
632 1728 793 1793 Graeculo
826 1733 1016 1794 numerauit.
1063 1730 1129 1797 Sed
1166 1743 1320 1817 quantum

117 1855 221 1897 meae
239 1833 365 1898 farinae
382 1835 488 1911 senuit,
513 1834 611 1899 uelim
627 1835 810 1898 memineris
826 1843 858 1898 ct
874 1837 1046 1920 superioris
1061 1837 1319 1923 apophtegmatis

120 1948 156 2002 et
180 1939 380 2026 lepidissimi
402 1940 553 2003 carminis
575 1939 733 2003 Politiani.

341 2080 416 2130 Haec
435 2080 551 2131 Martius
569 2085 631 2130 tuus
649 2081 767 2131 seruabit
785 2081 855 2131 dona
873 2080 1006 2132 Gerardus

393 2167 573 2226 Pectoresub
591 2169 701 2219 memori
720 2173 748 2218 et
765 2170 861 2234 pignus
879 2169 977 2219 amoris
997 2170 1056 2220 erit.

340 2255 395 2307 Nos
413 2255 590 2321 quaecunque
607 2255 719 2306 trahent.
732 2257 823 2322 spacia
840 2257 869 2306 in
886 2255 1001 2321 diuersa,
1020 2258 1138 2324 proiecto

392 2341 522 2409 Suggeret
539 2338 758 2408 antiqui'munus
775 2345 872 2393 amoris
891 2359 965 2407 opus.

339 2431 452 2481 Munera
469 2435 499 2480 tu
517 2431 608 2494 mittis,
626 2431 750 2491 Martius,
768 2432 885 2498 insignia
902 2430 991 2481 nobis:

391 2513 531 2569 Indoctu'm
549 2533 664 2581 carmon,
683 2519 706 2567 si
724 2519 823 2584 cupias,
842 2516 937 2568 refero.

340 2606 455 2656 Auribus
474 2610 502 2655 at
520 2607 623 2656 numeri
641 2605 706 2671 quid
724 2589 796 2668 sunt,¹
812 2620 892 2671 quam
904 2604 1004 2654 dulcor
1020 2606 1117 2668 inanis,

335 2683 338 2690 ’
391 2695 442 2755 Qui
460 2694 537 2758 perit,
556 2698 587 2743 ut
603 2694 683 2758 periit
700 2698 795 2744 cantus
813 2697 841 2743 et
858 2694 915 2758 ipse
932 2697 1031 2744 sonus?

338 2781 478 2830 Deteriora
495 2795 556 2830 msa
573 2784 602 2829 at
619 2779 732 2830 multum
751 2783 813 2829 sunt
831 2781 957 2841 carmina,
976 2780 1110 2842 scombris,

388 2867 424 2918 Et
442 2868 527 2934 piperi
544 2869 661 2930 tunicas,
679 2866 856 2920 confodienda
873 2867 964 2918 ncru.⁴

339 2955 390 3006 Sed
408 2960 499 3006 tamen
516 2957 545 3004 in
563 2970 696 3021 praesens,
715 2971 798 3021 quum
815 2955 855 3005 nil
874 2970 1011 3021 superesse
1030 2954 1156 3018 uiderem,

389 3044 446 3093 Has
465 3047 559 3094 tenues
578 3043 688 3094 schedas
707 3048 735 3093 et
752 3043 834 3093 breue
852 3058 959 3093 carmen
977 3043 1053 3093 habs.

238 3150 294 3199 Aus
312 3148 372 3200 dem
391 3148 455 3199 Cod.
474 3148 539 3199 Hor.
557 3149 589 3199 A.
609 3166 633 3214 p.
652 3147 721 3199 soff.

651 3357 795 3421 XXVII.

271 3557 448 3614 (ierardus
471 3557 598 3614 Riuius
621 3559 667 3648 1).ί
685 3557 835 3613 Martino
859 3556 989 3624 Lypsio
1013 3557 1120 3612 Brux.
1145 3557 1175 3611 S.

233 3743 308 3808 Non
329 3753 396 3808 tam
418 3743 513 3808 ullius
535 3745 711 3807 amicorum
740 3742 847 3806 literas
876 3741 1050 3826 uilipendo,
1081 3750 1117 3805 ut
1145 3743 1258 3826 patiar,
1290 3742 1316 3804 si

131 3849 248 3933 quibus
278 3871 330 3913 me
360 3849 483 3933 dignati
514 3850 586 3926 sint,
619 3850 651 3912 in
674 3857 776 3912 totum
797 3847 876 3911 mihi
898 3848 1013 3932 perire.
1059 3845 1188 3930 Quanto
1211 3847 1316 3910 minus

131 3975 206 4037 ergo
229 3962 310 4030 tuas,
336 3975 432 4039 quem
453 3963 489 4017 ut
512 3954 595 4017 inter
616 3951 908 4016 venerabilissimos
931 3951 1009 4015 mihi
1031 3969 1124 4035 pono,
1150 3952 1196 4014 sic
1218 3971 1315 4034 quan-

130 4057 204 4120 tiuis
227 4058 377 4143 epistolas
399 4058 500 4122 facio:
524 4058 598 4123 licet
621 4059 685 4121 sint
706 4076 839 4120 numero
863 4065 895 4118 et
911 4057 1019 4141 specie
1034 4057 1182 4132 minores,
1207 4065 1315 4120 tamen

132 4162 232 4225 instar
253 4163 362 4245 magni
384 4163 485 4247 precii
509 4158 558 4225 est
580 4171 635 4226 tua
658 4161 809 4245 dignatio.
838 4160 908 4224 Has
930 4159 1123 4244 reflagitanti
1145 4182 1232 4224 nunc
1255 4160 1315 4224 tibi

173 4337 316 4387 ¹Macrob.
336 4337 390 4388 Sat.
410 4338 444 4388 H.
463 4340 487 4402 4,
507 4341 548 4387 31.
1229 4387 1235 4399 ‚

170 4424 283 4475 ²Raum
302 4425 345 4475 fiir
362 4424 405 4475 dic
423 4424 515 4476 Worto
533 4424 577 4475 boi
594 4424 757 4474 Macrobius:
781 4419 808 4488 νὴ
827 4419 869 4487 τὴν
889 4419 932 4488 σὴν
951 4419 1035 4492 τύχην,
1059 4418 1180 4487 repares·
1201 4418 1222 4472 εἰ
1240 4418 1314 4472 πλέον

199 4505 273 4579 εἶχον,
291 4507 364 4561 πλέον
383 4507 486 4560 ἐδίδουν.

170 4599 180 4634 ³
199 4598 296 4649 Catull.
315 4600 356 4661 95,
375 4598 399 4648 8.
417 4597 482 4648 Ηοτ.Ι
500 4595 585 4662 Epist.
604 4599 638 4647 ΙΙ.
659 4599 681 4659 1,
701 4599 758 4647 ato.

169 4687 308 4737 ⁴Hioron.
326 4685 411 4752 Epist.
432 4687 489 4747 106,
508 4685 531 4735 7.
