3320 5742
93 466 190 538 [785]
411 478 512 518 Erasmus
526 489 567 518 von
582 478 707 518 Rotterdam
721 479 766 518 und
779 479 886 519 Martinus
901 479 995 530 Lipsius.
1235 461 1297 525 123

92 676 170 716 cnm
208 654 254 718 de
292 655 544 740 paraphrasibus
579 677 629 719 me
661 656 831 720 certiorem
865 655 1001 720 reddere
1036 655 1186 733 volueris,
1222 658 1298 741 quia

91 767 188 822 tuum
213 781 412 844 responsum
435 781 546 824 omnes
570 782 699 824 mecum
722 760 967 846 praestolantur.
1012 760 1104 824 Haec
1134 762 1242 846 itaque
1266 769 1299 824 et

91 862 142 926 his
168 863 297 928 similia
316 864 359 928 ad
382 864 594 928 diuersorium
610 873 755 928 nostrum
770 864 847 928 ferri
866 863 994 928 iubebis
1016 873 1072 928 aut
1095 875 1182 928 certe
1204 867 1299 929 matri

97 968 361 1032 committes-vel
376 966 503 1047 Annae,
527 977 563 1031 ut
585 990 644 1054 per
667 977 890 1033 occurrentem
913 990 1139 1055 quemcunque
1162 968 1297 1034 latorem

94 1072 178 1136 mihi
203 1075 440 1137 transmittant.
476 1071 510 1136 Si
534 1074 613 1157 quid
636 1096 714 1137 vero
737 1073 868 1138 alterius
891 1075 938 1136 rei
960 1073 1059 1155 voles,
1083 1073 1181 1138 nolim
1203 1074 1298 1138 alicui

96 1176 204 1258 credi,
244 1178 309 1240 nisi
344 1199 439 1262 quem
474 1177 555 1241 forte
579 1177 622 1242 ad
642 1187 675 1241 te
707 1179 833 1256 misero,
868 1187 904 1241 ut
936 1188 986 1241 est
1015 1178 1077 1255 hic,
1112 1179 1299 1265 exploratae

93 1303 235 1366 prorsus
262 1282 340 1346 fidei
362 1285 422 1347 vir.
447 1283 521 1364 Qui,
548 1285 574 1346 si
598 1285 738 1361 iusseris,
764 1283 827 1347 alio
852 1305 979 1368 quoque
1004 1294 1150 1369 tempore
1172 1293 1204 1347 te
1228 1306 1301 1348 con·

94 1391 219 1470 ueniet,
260 1388 301 1452 de
337 1410 400 1473 quo
424 1410 498 1451 cum
528 1390 597 1473 ipso
628 1397 724 1471 agere
755 1397 858 1473 potes,
894 1390 928 1466 si,
960 1389 1149 1474 priusquam
1172 1387 1296 1465 abierit,

94 1492 179 1556 haec
205 1493 339 1576 legeris.
385 1493 548 1556 Renerum
571 1492 735 1557 Molanum
758 1492 1005 1556 Bruxellensem
1032 1493 1298 1578 quamplurimis

95 1584 171 1660 reor¹
195 1599 274 1660 istic
298 1619 369 1660 esse
392 1578 603 1679 notissimum,
627 1596 683 1661 ubi
699 1599 790 1661 annis
806 1597 928 1682 aliquot
943 1597 1036 1662 bonis
1052 1596 1151 1660 literis
1167 1579 1299 1682 operam

100 1701 204 1765 dedit.
238 1702 388 1765 Primum
410 1705 444 1765 in
467 1704 636 1786 gymnasio
659 1702 897 1779 Porcianorum,
922 1701 1039 1765 deinde
1063 1703 1160 1766 etiam
1182 1704 1215 1765 in
1238 1702 1299 1766 col-

97 1804 184 1889 legio
200 1807 305 1870 trium
321 1806 511 1890 linguarum
521 1806 695 1871 Barlandi¹
720 1805 781 1870 fuit
796 1806 931 1883 auditor,
956 1830 975 1870 a
991 1829 1062 1891 quo,
1086 1815 1123 1870 ut
1137 1806 1241 1883 audio,
1260 1806 1301 1870 ob

97 1911 225 1995 ingenii
241 1913 453 1976 uiuacitatem
470 1914 567 1976 etiam
582 1914 677 1975 unice
694 1911 875 1975 amabatur.
899 1912 958 1976 Est
974 1913 1003 1974 ei
1019 1933 1106 1976 nunc
1121 1912 1297 1977 Bruxellae

98 2015 264 2080 habitatio
297 2038 371 2080 curn
399 2025 501 2080 matre
532 2015 641 2092 vidua,
676 2015 764 2079 haud
795 2018 839 2079 ita
869 2015 981 2101 procul
1011 2039 1030 2079 a
1059 2017 1179 2102 templo
1202 2016 1298 2080 diuae

100 2123 240 2204 virginis
266 2143 431 2186 arenosae.
469 2122 568 2186 Pater
590 2122 684 2186 faber
706 2122 861 2205 lignarius
884 2131 954 2185 erat
976 2121 1103 2205 vulgari
1126 2124 1298 2206 agnomine

99 2247 164 2289 van
189 2226 253 2290 der
275 2225 405 2290 muelen
427 2227 547 2290 dictus:
578 2248 696 2290 nomen
718 2248 782 2291 non
805 2236 907 2290 teneo
953 2225 1045 2302 Vale,
1077 2228 1122 2289 mi
1145 2227 1296 2304 Martiae,

101 2339 136 2392 ut
153 2340 241 2416 opto,
268 2339 357 2394 etue
373 2353 424 2395 me
446 2354 502 2417 spe
526 2353 599 2395 mea
622 2331 770 2395 frustrari
793 2333 935 2416 patiaris,
960 2352 1023 2394 oro.
1048 2330 1297 2396 toreumati.

166 2477 167 2480 ¹
208 2455 269 2506 Ans
287 2455 348 2505 dem
368 2455 430 2505 Ood.
450 2457 515 2505 Hor.
533 2456 565 2505 A.
584 2473 609 2521 p.
630 2457 688 2505 149.

600 2697 809 2798 LXXXVII.
1102 2721 1143 2768 11.
1162 2719 1298 2769 raumara

246 2899 425 2954 Martinus
449 2899 603 2966 Lypsius
628 2899 806 2954 Guilelmo
830 2899 1045 2955 Louaniensi
1069 2900 1099 2954 S.
1124 2901 1162 2955 D.

207 3082 262 3145 Ne
286 3104 401 3166 parum
424 3082 537 3146 videar
559 3082 727 3160 humanus,
759 3082 802 3146 ad
825 3091 993 3166 utramque
1016 3091 1104 3146 tuam
1132 3082 1300 3166 epistolam

101 3188 201 3250 unica
232 3187 449 3272 respondebo.
495 3188 769 3271 Augustinianum
799 3186 878 3251 illud
909 3187 1060 3251 volumen
1091 3187 1133 3250 ad
1156 3209 1207 3250 me
1230 3209 1299 3272 per-

100 3288 205 3355 latum
231 3300 291 3357 est.
323 3290 467 3369 Gaudes,
491 3294 536 3356 mi
559 3291 728 3368 Guilelme,
753 3291 839 3375 quod
862 3301 929 3355 tam
951 3315 1111 3379 propenso
1133 3295 1167 3355 in
1190 3315 1241 3356 me
1265 3315 1299 3356 cs

100 3398 222 3474 animo,
249 3406 287 3460 ut
309 3397 396 3461 nulla
418 3397 640 3461 intercedente
662 3418 752 3461 mora
775 3406 903 3461 nostrae
927 3398 1105 3462 satisfacias
1132 3397 1298 3462 voluntati.

101 3495 169 3564 Sed
192 3511 342 3586 praestat
365 3503 486 3587 opinor,
518 3512 554 3566 ut
576 3525 627 3566 me
652 3502 815 3566 conferam
838 3502 881 3566 ad
903 3511 975 3566 tuas
998 3503 1122 3583 literas3
1154 3503 1187 3566 id
1214 3503 1300 3566 enim

100 3625 167 3668 non
191 3607 277 3670 mihi
300 3607 411 3684 solum,
436 3607 494 3671 sed
516 3616 549 3670 et
571 3606 630 3670 tibi
653 3605 701 3693 (ni
717 3629 768 3671 me
789 3607 870 3671 fallit
885 3606 1025 3693 animus)
1041 3609 1144 3691 magis
1169 3608 1299 3685 arridet,

99 3730 204 3792 quam
237 3713 267 3775 si
296 3711 392 3795 longa
421 3722 637 3797 accurataque
669 3715 810 3776 oratione
843 3713 963 3796 gratias
985 3734 1090 3796 agam.
1136 3712 1299 3798 Principio

98 3825 258 3897 putarem
281 3817 426 3902 profecto
449 3828 479 3880 te
503 3817 624 3894 ludere,
649 3839 749 3902 quum
765 3817 846 3881 adeo
863 3799 999 3894 extofiis,
1024 3819 1069 3881 ita
1085 3818 1179 3880 effers
1196 3839 1299 3900 nugas

98 3939 194 3983 meas
229 3923 464 4005 nugacissimas
494 3930 527 3986 et
555 3922 728 4007 plusquam
757 3921 897 3999 friuolas,
930 3923 991 3985 nisi
1020 3921 1099 3985 mihi
1128 3932 1300 4006 perspecta

99 4034 191 4086 esset
216 4027 339 4109 ingenii
362 4029 408 4090 tui
432 4027 628 4112 simplicitas,
652 4027 693 4092 ab
718 4029 803 4092 omni
827 4026 902 4091 fuco
917 4036 948 4089 te
965 4027 1106 4090 alienum
1121 4026 1299 4091 declarans.

100 4123 157 4190 Sic
193 4133 284 4193 enim
317 4133 453 4216 suspicis
484 4141 516 4194 et
545 4133 669 4196 miraris
700 4153 768 4195 rem
799 4131 888 4195 nihili
918 4131 1108 4216 hircumque
1136 4131 1301 4208 1111111111,2
1360 4156 1365 4163 ·

146 4307 154 4337 ¹
174 4306 299 4358 Adriaen
311 4323 365 4357 van
378 4307 513 4368 Barlandt,
532 4310 649 4372 geboren
670 4309 745 4370 1487,
764 4308 835 4356 starb
856 4308 931 4356 1542.
954 4307 992 4356 Er
1010 4309 1109 4357 warin
1127 4308 1179 4356 don
1198 4307 1300 4359 Jahren

177 4396 353 4444 1518-1519
372 4396 509 4445 Professor
535 4394 582 4445 der
609 4395 785 4446 lateinischen
808 4394 924 4459 Spraehe
951 4396 980 4443 in
1006 4396 1107 4444 deen
1136 4393 1221 4459 (Neve
1240 4394 1257 4443 1.
1276 4411 1299 4444 1.

179 4485 241 4532 120.
257 4485 314 4532 131.
330 4485 387 4532 140.
401 4483 540 4531 292-294
551 4484 606 4532 und
619 4482 701 4545 Neve,
715 4480 913 4532 Particularites
926 4482 1075 4531 surAdrien
1087 4481 1237 4532 Barlandus
1249 4487 1299 4532 ete.

176 4569 314 4632 Lernam,
333 4570 448 4635 Typogr.
467 4570 501 4618 de
520 4569 698 4620 Vanlinthout
716 4569 798 4619 freres
818 4568 904 4634 1874).

149 4652 159 4686 ²
177 4655 285 4707 Erasm.
304 4657 429 4707 Proverb.
449 4659 500 4708 818
511 4659 540 4710 C.
