3320 5742
124 549 220 624 [743]
427 559 528 600 Erasmus
543 570 583 599 von
597 556 722 600 Rotterdsm
736 557 781 598 und
795 557 902 598 1111111111
916 556 1011 606 Lipsius.
1278 540 1317 604 81

120 764 231 849 possit
253 761 416 826 narrando
439 769 472 824 et
494 761 621 825 sinistre
645 758 887 844 interpretando
910 759 1142 845 deprauarier.‘
1189 759 1318 841 Quanto

122 878 198 934 1111
220 869 356 954 aequius
371 867 557 930 existimare
574 866 620 928 sic
637 864 788 928 debuisse
811 866 1000 950 praeparari
1022 863 1152 929 lectoris
1174 865 1319 929 animum

120 973 256 1059 taleque
280 971 429 1037 debuisse
461 972 526 1035 iaci
555 969 812 1050 fundamentum,
843 991 906 1054 quo
937 970 1039 1034 maior
1068 971 1203 1034 orationi
1234 979 1319 1035 esset

121 1079 281 1144 autoritas
305 1097 432 1163 quoque
450 1074 649 1139 commodius
671 1073 771 1138 fidem
786 1074 929 1138 facerem
951 1073 1031 1138 nihil
1048 1095 1100 1138 me
1124 1096 1195 1138 esse
1218 1077 1317 1140 moni·

121 1193 235 1248 turum
257 1183 319 1246 nisi
342 1181 428 1268 quod
455 1202 595 1266 aequum
619 1188 651 1244 et
673 1180 794 1244 bonum
817 1179 967 1265 quodque
993 1201 1036 1242 ex
1059 1202 1094 1243 re
1118 1179 1203 1243 illius
1221 1190 1314 1244 esset.

120 1289 212 1354 Nam
234 1290 268 1353 in
290 1311 325 1352 re
348 1286 405 1352 tali
427 1288 488 1350 nisi
512 1287 728 1371 suspicionem
752 1285 963 1350 simulationis
986 1285 1118 1370 sucique
1140 1287 1317 1364 remoueris

121 1401 224 1480 atque
258 1394 401 1456 animum
435 1393 515 1474 eius,
552 1412 625 1454 eum
659 1411 722 1475 quo
756 1391 928 1474 negocium
962 1400 1020 1472 est,
1057 1390 1226 1454 commoda
1257 1390 1316 1456 tibi

121 1498 328 1585 praefatione
360 1496 558 1573 adiunxeris,
581 1496 709 1582 ⁸frustra
739 1517 872 1581 operam
903 1505 1061 1577 conteras,
1095 1516 1169 1558 cum
1199 1494 1253 1560 illc
1283 1505 1315 1560 te
1343 1548 1347 1556 .

123 1603 189 1669 sibi
212 1601 345 1666 insidias
368 1599 503 1665 tendere
527 1599 576 1686 (ut
598 1609 673 1664 sunt
695 1601 864 1685 suspiciosi
888 1599 1058 1686 homines),
1090 1622 1154 1663 non
1184 1600 1315 1664 medici-

122 1729 202 1772 nam
226 1707 335 1771 facere
355 1704 438 1769 velle
454 1705 638 1769 arbitretur.
667 1704 791 1769 Verum
806 1704 889 1769 hacc
911 1705 963 1768 isti
986 1706 1171 1769 meminisse
1193 1704 1314 1787 nolunt,

123 1813 170 1877 ad
192 1810 456 1876 maledicendum
486 1815 519 1874 et
549 1808 811 1874 calumniandum
842 1817 968 1874 tantum
998 1809 1194 1874 rhetoricam
1217 1809 1313 1874 docti.

228 1915 379 1998 ,Omnem
403 1936 596 1980 execramur
629 1915 749 1996 fucum,
784 1915 847 1978 nisi
882 1915 984 1979 sicubi
1016 1936 1090 1978 cum
1120 1916 1231 1979 sucoso
1262 1936 1314 1978 res

119 2021 217 2087 nobis
247 2024 298 2085 sit‘
329 2029 362 2085 et
384 2029 444 2085 cet.
490 2021 555 2084 Hic
586 2021 761 2085 candorem
791 2042 899 2084 meum
923 2019 1118 2097 desiderant,
1154 2019 1239 2105 quod
1261 2042 1313 2084 me

120 2127 208 2192 fucis
230 2128 278 2190 uti
300 2148 531 2212 nonnunquam
561 2127 674 2190 fatear.
721 2125 822 2206 Quasi
846 2124 879 2188 id
901 2125 993 2189 nefas
1016 2127 1057 2189 sit
1087 2126 1313 2189 1111111111-

120 2233 285 2317 tegritatis
308 2230 415 2295 labem
438 2231 674 2316 111111111111,
697 2232 781 2294 utin
797 2230 895 2295 rebus
917 2251 982 2295 non
1006 2229 1180 2294 admodum
1204 2231 1313 2316 magni

123 2336 281 2402 momenti
320 2319 610 2420 communibusque
648 2334 757 2399 dolum
795 2333 868 2399 dolo
907 2333 1041 2402 deludas
1081 2345 1113 2398 et
1150 2334 1312 2420 fallaciam

121 2439 255 2506 fallacia
277 2439 378 2504 veluti
403 2439 531 2504 clauum
559 2438 652 2505 clauo
675 2438 802 2525 pellas.¹
849 2438 945 2520 Quod
968 2439 1049 2504 adeo
1074 2461 1170 2525 saepe
1194 2439 1312 2504 facien·

120 2547 201 2612 dum
225 2556 273 2610 est
297 2547 335 2624 ei,
360 2547 505 2631 quicum
527 2546 711 2610 hominibus
726 2546 850 2609 versari
866 2544 954 2629 velit,
979 2554 1015 2608 ut
1030 2544 1131 2609 latere
1147 2546 1312 2609 neminem

120 2651 244 2717 debeat
266 2652 326 2715 nisi
357 2651 519 2716 hominem
542 2653 629 2715 vitae
660 2652 839 2715 communis
873 2660 906 2714 et
929 2648 1033 2714 ciuilis
1068 2649 1311 2715 consuetudinis

118 2779 253 2842 prorsus
286 2758 444 2842 ignarum.
490 2755 657 2841 Siquidem
690 2777 731 2819 ex
762 2755 945 2821 huiusmodi
974 2777 1083 2819 rerum
1112 2756 1311 2840 ignoratione

118 2861 294 2926 leuissimis
317 2861 358 2926 de
382 2862 487 2925 causis
510 2862 723 2946 gravissimae
747 2859 940 2925 offensiones
963 2869 995 2925 et
1017 2862 1180 2925 maximae
1205 2858 1310 2924 simul·

117 2975 206 3031 tates
229 2988 291 3030 1ο1
315 2987 388 3030 raro
412 2967 566 3030 oriuntur.
611 2967 684 3031 Non
707 2966 815 3030 dicam
839 2969 871 3031 in
898 2968 1083 3052 praesentia
1105 2967 1200 3031 nimis
1223 2966 1310 3031 mali-

120 3073 211 3136 ciose
242 3071 395 3136 callidum
426 3093 507 3153 esse,
542 3073 587 3134 ita
609 3071 752 3156 singulas
785 3072 854 3136 fere
878 3070 1021 3158 syllabas
1044 3073 1240 3150 examinare,
1275 3079 1311 3135 ut

119 3177 231 3242 omnia
254 3177 301 3239 sic
323 3175 365 3240 ad
388 3177 534 3239 veritatis
557 3177 711 3240 amussim
742 3175 903 3261 quadrare
925 3176 1076 3254 debeant,
1108 3178 1199 3264 quasi
1230 3175 1310 3241 nihil

117 3283 183 3346 nisi
208 3281 338 3346 oracula
360 3279 446 3366 loqui
470 3281 563 3346 nobis
584 3281 691 3346 liceat.
738 3281 819 3362 Quis
843 3303 963 3367 quaeso
994 3281 1036 3346 ad
1066 3281 1152 3346 hunc
1176 3281 1308 3346 modum

118 3386 241 3472 poterit
264 3405 334 3450 esse
357 3387 516 3468 innoxius,
541 3387 611 3471 quis
643 3387 828 3450 criticorum
851 3386 972 3472 rigidas
1002 3389 1137 3451 nimium
1167 3387 1308 3452 euadere

122 3511 289 3573 censuras,
314 3512 388 3554 cum
412 3491 520 3555 omnia
542 3488 703 3555 morsibus
725 3491 868 3556 inuidiae
892 3513 951 3577 pro
982 3514 1039 3557 suo
1070 3493 1181 3576 ignaro
1211 3499 1309 3576 captu

116 3597 227 3660 omnia
250 3595 458 3682 deprauantis
481 3594 727 3661 vellicabuntur.

222 3701 344 3782 ,Pauca
376 3709 486 3765 tamen
519 3699 684 3787 (permitte
717 3712 754 3764 ut
785 3701 886 3767 libere
920 3701 1046 3789 loquar)
1080 3725 1132 3766 me
1166 3700 1309 3768 nonnihil

113 3804 335 3872 offendebant.
381 3805 527 3870 Primum
556 3808 655 3869 nimia
686 3816 727 3888 11,
758 3816 793 3870 11
820 3809 928 3892 aptius
952 3809 1143 3893 exprimam,
1178 3810 1308 3872 incauta

112 3912 264 3978 libertes‘
289 3918 321 3975 et
337 3920 397 3974 cet.
444 3911 551 3975 Locus
574 3913 634 3975 iste
658 3910 792 3975 offendit
814 3933 877 3992 eos,
907 3914 961 3997 qui
984 3933 1042 3976 suo
1064 3915 1148 3978 uicio
1172 3911 1307 3977 erebus

115 4014 315 4082 salutaribus
346 4014 461 4080 crebro
491 4036 654 4079 venenum
684 4014 851 4097 hauriunt,
883 4016 941 4081 sed
971 4018 1129 4082 immerito
1164 4015 1305 4082 hercule.

112 4122 233 4206 Neque
256 4121 340 4184 enim
365 4118 542 4184 earundem
573 4121 714 4206 partium
737 4120 883 4185 fauorem
912 4122 1060 4204 ostendit,
1085 4121 1142 4185 sed
1172 4144 1306 4208 greum

114 4225 765 4310 111111111111111111111111311111111,
796 4227 822 4288 si
845 4226 983 4291 candide
1014 4248 1053 4292 ac
1074 4236 1163 4292 recte
1194 4227 1306 4292 intelli-

112 4340 220 4417 gatur.
266 4330 351 4394 Nam
374 4351 448 4394 cum
471 4331 601 4395 incauta
623 4331 717 4395 simul
739 4352 778 4394 ac
801 4331 900 4395 nimia
922 4330 1006 4396 illius
1030 4331 1160 4396 libertas
1177 4331 1303 4410 dicitur,

113 4435 274 4501 stulticiae
308 4436 417 4521 utique
451 4446 483 4500 et
517 4437 702 4500 temeritatis
738 4434 917 4500 damnatur.
964 4435 1131 4522 Siquidem
1165 4437 1192 4500 is
1226 4458 1304 4502 vere

158 4679 166 4715 ¹
185 4679 240 4732 Cic.
259 4681 337 4731 Tusc.
356 4681 401 4732 IV.
420 4683 462 4745 35,
481 4678 599 4749 111111
618 4673 657 4731 τὸν
675 4672 735 4746 ἧλον
753 4681 832 4747 Diog.
851 4682 883 4732 V.
898 4683 930 4731 1c
949 4683 998 4731 mit
1015 4682 1062 4733 der
1074 4682 1144 4733 Note
1162 4681 1304 4735 Schneide-

185 4768 274 4834 wiu's3
291 4767 394 4819 Erasm.
413 4769 539 4819 Proverb.
558 4770 591 4818 70
603 4769 634 4820 Β.
