3320 5742
79 517 180 588 [76η
391 529 490 568 Erasmus
505 540 545 568 von
561 529 684 570 Itotterdtm
699 529 743 570 und
758 530 865 570 Martinus
880 530 975 579 Lipsius.
1216 513 1277 576 100

120 758 248 806 nowen.
596 739 768 802 LXXVII.
1168 761 1243 806 rsus.

78 912 266 968 Martinus
299 911 453 978 Lypsius
486 913 612 968 Iacobo
647 913 885 976 cortebaohio.
920 913 1016 980 apud
1049 913 1278 970 'Phronicolas

509 1017 682 1073 canonico
706 1019 736 1074 S.
761 1018 797 1072 P.
821 1019 858 1073 D.

191 1173 279 1236 Nihil
310 1175 431 1256 gratius
463 1174 611 1238 accidere
646 1177 758 1260 potuit,
794 1197 891 1260 quam
921 1185 957 1238 ut
986 1175 1110 1240 iuuenis
1140 1175 1192 1239 hic
1223 1185 1277 1239 tuo

78 1279 217 1342 nomine
252 1277 294 1341 ad
328 1301 386 1342 nos
420 1279 554 1342 veniret.
600 1277 751 1343 Auebam
785 1282 870 1342 enim
900 1290 967 1344 tam
997 1280 1037 1343 de
1072 1281 1144 1357 tuis
1180 1303 1278 1366 quam

79 1393 290 1447 caeterorum
321 1382 571 1447 threnicolarum
600 1406 703 1468 aeque
734 1407 773 1447 ac
805 1394 840 1447 tu
875 1384 1089 1448 studiosorum
1119 1384 1216 1448 rebus
1246 1395 1279 1448 et

79 1486 273 1551 valetudine
298 1489 414 1551 certior
435 1487 538 1551 reddi.
583 1488 668 1552 Nam
691 1511 754 1574 quo
778 1491 882 1552 minus
906 1490 1001 1552 liceat
1016 1488 1147 1553 crebras
1162 1489 1204 1552 ad
1219 1511 1278 1553 vos

80 1591 231 1655 scribere
266 1592 387 1670 literas,
423 1603 491 1655 tum
526 1595 773 1656 commeantium
807 1595 934 1670 raritas,
970 1603 1039 1656 tum
1071 1595 1279 1677 negociorum

82 1697 190 1760 moles
213 1699 246 1760 in
269 1719 367 1760 causa
391 1706 448 1759 est.
494 1695 540 1759 At
562 1719 648 1760 nunc
672 1699 871 1761 committere
894 1697 991 1774 nolui,
1024 1699 1101 1783 quin
1123 1720 1182 1784 per
1204 1698 1278 1761 ado-

79 1802 264 1865 lescentem
287 1802 373 1864 hunc
396 1824 461 1864 non
484 1802 619 1885 vulgari,
644 1812 679 1865 ut
701 1812 844 1888 apparet,
869 1802 1106 1866 necessitudine
1131 1803 1189 1866 tibi
1211 1804 1278 1865 iun-

78 1919 176 1972 ctum
209 1907 331 1993 aliquid
361 1907 545 1983 scriberem,
581 1929 621 1969 ne
655 1909 864 1992 suspicareris
899 1918 1043 1970 nostram
1072 1929 1203 1992 prorsus
1232 1929 1278 1970 re-

79 2013 216 2076 frixisse
240 2012 439 2075 charitatem.
486 2011 552 2075 Sed
576 2011 731 2075 audacter
758 2012 895 2075 dixerim
926 2034 987 2075 nec
1018 2013 1162 2076 locorum
1184 2014 1279 2075 inter-

78 2117 211 2203 capedo
233 2139 295 2180 nec
319 2118 501 2202 scriptionis
519 2117 639 2200 ‚raritas
662 2138 722 2178 nec
746 2116 875 2200 quiduis
898 2117 986 2180 aliud
1014 2116 1128 2180 studiis
1151 2119 1278 2180 iunctos

78 2224 250 2286 literarum
274 2221 405 2285 diuellet
427 2243 581 2306 unquam.
627 2221 667 2284 Id
682 2231 790 2284 tamen
812 2243 877 2284 non
901 2231 967 2285 tam
989 2221 1128 2285 fidenter
1149 2243 1277 2284 asseue-

78 2350 199 2405 rarem,
224 2328 285 2390 nisi
309 2328 348 2390 de
372 2325 605 2391 Cortebacchio
629 2349 727 2411 quam
750 2328 868 2412 optime
892 2329 1052 2404 sentirem,
1088 2327 1174 2413 quod
1198 2347 1275 2390 sane

79 2432 251 2496 dilectioni
285 2432 447 2517 peculiare
472 2441 529 2494 est.
575 2431 675 2495 Porro
710 2431 749 2495 de
785 2434 901 2496 nostris
935 2433 1211 2518 occupationibus,
1249 2434 1276 2494 si

80 2537 165 2623 quid
188 2537 299 2600 audire
323 2537 410 2614 libet,
435 2536 516 2600 adeo
538 2546 690 2622 torqueor
712 2538 745 2599 in
767 2535 949 2620 Augustino
977 2538 1182 2623 repurgando
1210 2547 1278 2600 tan-

79 2653 219 2727 tumque
243 2641 342 2704 taedii
375 2641 427 2704 hic
462 2640 617 2705 deuorare
653 2662 758 2724 cogor,
794 2649 831 2704 ut
860 2642 924 2704 iam
954 2640 1127 2704 destiturus
1150 2641 1275 2718 fuerim,

78 2749 146 2810 nisi
169 2748 261 2811 nouis
284 2747 384 2810 literis
397 2769 458 2810 me
482 2748 656 2809 animasset
677 2746 843 2810 Erasmus.
888 2746 988 2810 Nouit
1009 2750 1060 2810 vir
1088 2746 1140 2810 ille
1171 2749 1278 2811 incan-

78 2854 235 2917 tamentis
258 2853 367 2916 nescio
399 2851 518 2936 quibus
541 2851 656 2937 Lypsii
681 2853 729 2914 sui
760 2853 966 2936 ingeniolum
987 2873 1050 2938 quo
1081 2852 1151 2917 vult
1181 2851 1277 2916 defle-

79 2968 182 3035 ctere,
207 2959 331 3048 etiamsi
363 2979 427 3020 non
458 2979 573 3042 parum
601 2957 783 3022 consoletur
812 2960 955 3021 animum
984 2980 1092 3021 meum
1123 2960 1221 3021 etiam
1243 2960 1276 3022 in

78 3062 201 3126 mediis
224 3061 389 3126 laboribus
424 3083 507 3146 spes,
544 3083 608 3146 qua
635 3061 779 3125 futurum
810 3061 946 3138 confido,
978 3057 1014 3125 ut
1035 3061 1203 3125 Aurelium
1226 3085 1279 3126 no-

83 3177 192 3231 strum
215 3166 414 3230 nitidissimis
438 3165 570 3229 tandem
592 3166 770 3230 habeamus
794 3168 881 3252 typis
905 3188 1002 3251 quam
1018 3166 1277 3231 emendatissime

80 3293 256 3335 excusum.
302 3270 337 3334 Si
367 3271 479 3355 liceret
508 3279 539 3333 te
570 3273 681 3355 tuique
713 3270 831 3334 similes
847 3273 896 3340 ,in
926 3280 992 3336 tam
1023 3273 1085 3358 piis
1113 3271 1277 3336 laboribus

80 3376 208 3440 habere
233 3379 444 3460 cooperarius,
476 3397 541 3439 non
568 3397 730 3460 quererer.
776 3375 822 3438 At
851 3398 937 3439 nuno
967 3399 1018 3439 res
1046 3376 1139 3441 aliter
1168 3375 1276 3440 habet.

80 3480 259 3544 Caeterum
282 3480 323 3544 de
345 3480 472 3564 Erasmi
496 3479 602 3543 reditu
624 3479 732 3543 multis
757 3486 883 3564 optato¹
909 3494 1105 3566 quanquam
1119 3483 1189 3557 sint,
1223 3484 1278 3567 qui

82 3585 149 3650 sibi
174 3587 253 3648 certi
276 3585 457 3662 videantur,
482 3591 541 3669 ego
572 3595 680 3648 tamen
704 3584 848 3649 nonnihil
871 3586 1037 3650 addubito,
1082 3585 1167 3650 Nam
1197 3585 1278 3648 alter

80 3689 278 3753 famulorum
302 3691 402 3775 ipsius
433 3691 561 3753 nominc
585 3689 737 3766 Hilarius
762 3691 891 3754 natione
914 3690 1100 3767 ΕἸιιιιάιιιιι,2
1123 3692 1178 3775 qui
1201 3713 1276 3754 oum

47 3861 49 3866 ,
79 3792 278 3880 paraphrasi
301 3796 333 3858 in
356 3795 503 3859 Marcum
526 3793 690 3880 profectus
717 3793 777 3856 fuit
799 3798 832 3857 in
856 3793 987 3871 Gallias
1019 3795 1065 3858 nil
1094 3794 1182 3859 aliud
1212 3796 1279 3877 agit

81 3920 184 3984 quam
207 3909 243 3960 ut
266 3898 430 3963 dominum
454 3921 547 3963 suum
570 3898 645 3962 illuc
668 3899 842 3984 pertrahat.
882 3898 974 3962 Adeo
990 3898 1070 3962 felix
1091 3899 1136 3961 illi
1158 3899 1220 3962 fuit
1239 3921 1278 3962 ea

80 4002 252 4088 profectio.
314 4002 482 4066 Aduersus
521 4003 608 4066 hunc
645 4004 719 4066 totis
768 4006 876 4067 neruis
914 4001 1080 4066 contendit
1117 4004 1279 4067 Liuinus³

127 4182 135 4213 ¹
155 4183 255 4244 aptata

125 4265 136 4299 ²
156 4266 246 4316 Ueber
264 4265 356 4315 diesen
374 4265 501 4327 Hilarius,
521 4267 601 4314 einen
618 4265 774 4316 Mitschitler
792 4267 838 4316 des
856 4267 938 4316 Vives
956 4282 990 4316 uu
1008 4267 1084 4316 Paris
1099 4265 1162 4332 (ng.
1182 4266 1278 4318 dessen

155 4353 232 4402 Brief
247 4354 294 4403 III.
315 4353 385 4418 716),
412 4353 512 4418 spricht
535 4354 591 4403 sich
609 4353 735 4404 Erasmus
758 4370 818 4403 zum
837 4355 920 4404 Jahre
941 4355 1007 4403 1528
1031 4355 1211 4420 sympathisoh
1229 4371 1278 4406 aus

157 4441 202 4506 (cf.
221 4440 288 4490 Mihi
306 4441 428 4506 displicet
446 4441 517 4505 quod
538 4443 594 4506 agit
606 4442 696 4492 aleten
715 4442 791 4508 etc),
811 4458 871 4491 zum
883 4443 966 4492 Jahre
981 4445 1046 4492 1532
1067 4441 1157 4507 (1456)
1177 4444 1276 4508 spricht

156 4528 283 4578 Erasmus
301 4543 354 4577 von
372 4528 467 4576 dassen
485 4527 656 4592 angeblicher
674 4529 753 4578 Reise
772 4529 841 4579 nach
859 4529 965 4579 Italion.

126 4617 137 4648 ³
155 4616 245 4666 Ueber
263 4616 377 4664 Liuinus
395 4614 517 4680 Algotius
537 4615 655 4680 (Algoet)
675 4617 791 4666 schreibt
808 4616 935 4666 Erasmus
955 4619 1020 4666 1525
1050 4617 1112 4683 (Op.
1130 4619 1178 4668 III.
1198 4621 1277 4684 902);

156 4703 213 4768 ‚Est
236 4702 307 4770 apud
332 4717 374 4751 me
397 4703 509 4752 Liuinus
532 4709 708 4768 cognomento
727 4704 832 4770 Algoet,
855 4704 883 4752 id
902 4709 942 4753 est
960 4706 1134 4770 omnibonus,
1163 4709 1276 4758 seruiuit
