3320 5742
892 762 999 825 LXX.

554 961 695 1017 Carolus
718 963 915 1026 suequetus
939 961 1129 1027 Brugensis
1153 947 1287 1026 Lyp‘sio
1311 961 1341 1014 S.

455 1147 528 1211 Non
555 1155 625 1210 erat
646 1146 707 1210 hoc
731 1147 829 1209 animi
851 1148 915 1211 mei
938 1148 1128 1223 institutum,
1160 1155 1268 1210 tecum
1290 1147 1374 1210 ultro
1399 1148 1549 1232 citroque

354 1251 553 1316 missitandis
576 1251 764 1314 muneribus
788 1260 922 1332 certare,
954 1253 1145 1336 praesertim
1173 1272 1247 1314 cum
1267 1250 1351 1314 haec
1375 1251 1463 1315 domi
1495 1251 1552 1315 ab·

353 1355 440 1420 unde
463 1355 594 1434 habeas,
620 1355 678 1419 sed
701 1377 739 1419 eo
762 1377 814 1419 me
838 1354 970 1422 consilio
993 1355 1109 1420 fecisse
1132 1377 1325 1440 persuasum
1346 1355 1480 1433 habeas,
1513 1365 1551 1419 ut

354 1462 550 1551 amiciciam,
595 1481 678 1544 quae
711 1459 894 1543 rubiginem
929 1460 1092 1545 quandam
1124 1461 1325 1524 contraxisse
1359 1460 1546 1536 videbatur,

355 1569 436 1630 istoc
459 1573 554 1650 pacto
578 1585 778 1628 renouarem.
814 1562 910 1648 Cogis
933 1586 985 1628 me
1008 1564 1168 1646 ruborem,
1192 1573 1228 1627 111
1243 1566 1290 1627 116
1307 1565 1422 1642 dicam,
1448 1565 1549 1642 adire,

353 1679 534 1755 propterea,
552 1667 638 1754 quod
656 1677 688 1730 et
703 1677 845 1731 nostram
860 1668 953 1733 nobis
969 1670 1159 1732 tenuitatem
1175 1669 1354 1754 exprobras
1370 1678 1403 1731 et
1418 1691 1548 1745 munus,

354 1795 395 1837 ne
420 1773 498 1857 quid
520 1772 608 1837 aliud
624 1772 741 1855 dicam,
767 1782 853 1836 certe
870 1772 1135 1837 delicatissimum
1150 1773 1432 1859 exprobraticibus
1448 1773 1551 1837 literis

357 1878 515 1961 adiungis.
561 1878 676 1962 Itaque
699 1877 815 1941 iisdem
839 1877 910 1940 telis
936 1887 969 1940 te
991 1875 1070 1941 mihi
1100 1879 1195 1942 liceat
1224 1900 1352 1942 rursum
1381 1880 1549 1963 impetere,

357 1981 475 2066 quibus
506 2004 557 2045 me
587 1980 745 2046 hostiliter
779 2003 813 2044 es
851 2003 1033 2066 aggressus.
1079 1982 1130 2046 Ita
1163 1993 1271 2060 tonas,
1308 1985 1353 2048 ita
1385 1983 1549 2046 fulminas.

359 2085 447 2165 Quid
464 2088 549 2150 enim
572 2086 651 2150 mihi
675 2088 842 2150 existimas
865 2085 964 2149 fuisse
987 2088 1094 2164 animi,
1125 2088 1183 2151 ubi
1206 2097 1278 2152 tuas
1300 2087 1371 2152 illas
1401 2097 1551 2153 amanter

357 2190 527 2255 mordaces
556 2191 620 2276 legi
650 2191 767 2255 literas¹
813 2191 852 2255 In
884 2213 1010 2254 summa
1038 2192 1158 2255 dicam:
1193 2195 1283 2256 visus
1314 2214 1385 2256 sum
1414 2193 1492 2256 mihi
1517 2201 1551 2255 61

355 2319 471 2360 nasum
484 2305 516 2359 et
528 2296 640 2360 dentes
653 2305 725 2360 tuos
740 2317 931 2380 agnoscere,
948 2317 1050 2381 usque
1066 2296 1148 2361 adeo
1164 2297 1218 2362 illa
1233 2307 1390 2382 pungunt,
1408 2318 1491 2382 quae
1508 2297 1551 2360 de

359 2400 486 2477 talione,
518 2422 602 2485 quae
633 2401 673 2464 de
701 2422 844 2477 munere,
876 2421 959 2484 quae
990 2400 1031 2464 dc
1061 2402 1107 2465 tui
1137 2404 1353 2466 maceratione
1377 2403 1549 2485 ingessisti.

360 2505 493 2582 Desine,
518 2507 569 2569 vir
591 2505 815 2582 eruditissime,
846 2504 905 2569 1111
929 2527 999 2568 6116
1030 2507 1176 2569 carnifex
1207 2516 1239 2569 et
1267 2506 1366 2570 rebus
1392 2515 1424 2569 te
1456 2527 1551 2569 serua

357 2609 552 2674 melioribus.
599 2609 696 2688 Quod
719 2611 745 2672 si
768 2610 828 2673 1111
851 2609 1017 2673 decretum
1041 2612 1145 2673 estin
1167 2630 1225 2673 nos
1256 2633 1410 2674 exercere
1442 2620 1550 2696 tyran·
1588 2629 1591 2634 ’

356 2713 475 2795 nidem,
499 2736 560 2798 age
583 2714 738 2798 quicquid
754 2713 858 2796 voles,
882 2715 961 2778 nihil
984 2717 1069 2778 enim
1085 2713 1284 2799 Sucquetum
1307 2714 1391 2779 male
1407 2715 1550 2792 habebit,

357 2818 453 2883 modo
477 2817 614 2882 feliciter
644 2817 851 2883 charissimus
881 2829 957 2904 agat
979 2819 1133 2904 Lypsius.
1180 2819 1352 2883 Caeterum
1384 2820 1461 2906 quid
1492 2820 1551 2884 tibi

359 2924 499 2988 debeam
523 2923 632 2988 video:
656 2923 735 2988 nihil
758 2933 868 2988 tamen
883 2925 1013 3009 praeter
1028 2934 1142 3009 pectus
1159 2925 1219 2989 hoc
1235 2923 1294 2989 tibi
1312 2925 1548 2989 deditissimum

356 3029 519 3113 polliceor.
559 3027 658 3092 Cuius
681 3037 717 3092 ut
732 3029 912 3114 periculum
928 3029 1039 3106 facias,
1064 3040 1201 3114 praesta,
1226 3039 1374 3115 utquam
1390 3031 1550 3114 ocyssime

357 3134 452 3198 detur
475 3135 616 3197 occasio:
640 3135 767 3197 interim
792 3157 843 3198 me
867 3144 941 3197 tuac
964 3135 1138 3198 uoluntatis
1159 3145 1238 3219 puta
1261 3135 1467 3219 mancipium.
1513 3133 1548 3196 Si

358 3238 416 3302 tibi
447 3238 534 3302 haud
566 3239 736 3303 molestum
767 3240 835 3303 fore
865 3249 987 3324 putem,
1018 3241 1100 3302 istuc
1131 3239 1320 3324 propediem
1351 3242 1480 3302 veniam
1514 3249 1546 3301 et

359 3366 468 3408 coram
490 3365 585 3427 agam
608 3346 737 3427 gratias.
784 3344 873 3408 Bene
897 3344 978 3408 vale.

380 3467 382 3474 '
461 3467 516 3515 Aus
535 3466 594 3516 dem
614 3467 677 3517 uod.
697 3469 762 3518 Hor.
780 3467 811 3516 Α.
831 3485 855 3532 p.
878 3469 934 3516 126.

890 3744 1014 3808 LXXI.

677 3970 831 4036 Lypsius
855 3972 1029 4035 suoqueco
1054 3985 1117 4025 suo
1142 3971 1171 4024 S.
1197 3971 1232 4025 P.

444 4179 552 4244 ‘Tuus
575 4181 734 4245 aduentus
757 4179 834 4244 mihi
857 4202 1023 4267 nunquam
1046 4203 1110 4245 non
1126 4181 1223 4244 fuerit
1238 4190 1418 4265 pergratus,
1444 4203 1544 4244 aman·

362 4284 485 4345 tissime
506 4283 636 4350 Carole:
661 4286 742 4350 adeo
765 4307 823 4349 nos
848 4289 934 4371 cepit
955 4286 1072 4350 indolis
1095 4295 1169 4349 tuae
1192 4284 1337 4370 probitas
1361 4295 1393 4349 et
1417 4289 1541 4371 optimo·

361 4410 433 4451 rum
456 4410 582 4452 morum
605 4392 740 4454 eximius
764 4389 893 4454 candor.
933 4389 998 4454 Sed
1022 4412 1119 4476 quam
1136 4390 1177 4455 ob
1193 4412 1262 4453 rem
1277 4399 1445 4475 tantopere
1470 4391 1540 4454 mihi

358 4495 478 4578 gratias
509 4517 605 4578 agere
639 4495 793 4560 festinas?
840 4493 875 4558 Si
904 4499 1000 4580 prior,
1034 4497 1059 4558 11
1081 4498 1189 4580 'gratis
1224 4498 1397 4581 quicquam
1428 4497 1542 4580 impen-

360 4598 488 4675 dissem,
513 4609 580 4662 tum
604 4600 702 4663 officii
725 4601 771 4662 tui
794 4609 878 4663 esset
906 4599 1043 4664 ciuiliter
1072 4622 1249 4685 agnoscere
1281 4579 1462 4664 exhibitum
1492 4598 1541 4662 tibi
