3320 5742
82 553 187 624 [753]
394 561 495 602 Erasmus
509 573 550 602 von
564 561 688 602 Rottordau
703 561 748 602 und
761 561 867 601 Martinus
882 560 976 610 Lipsius.
1238 543 1276 606 91

84 737 334 822 suspiciendam
357 739 584 822 paternitatem
607 746 695 800 tuam
718 737 899 821 aggredior.
945 732 1011 799 Sed
1040 735 1105 798 huc
1131 757 1182 798 me
1210 757 1280 820 per-

83 841 184 926 pulit,
208 841 305 906 crede
328 841 416 924 mibi,
440 840 569 921 fiducia,
593 862 689 925 quam
713 839 753 903 de
776 841 893 922 insigni
916 849 971 903 tua
987 839 1185 903 humanitate
1209 861 1281 903 con-

84 949 176 1032 cepi.
222 947 335 1032 Neque
368 948 453 1011 enim
483 955 539 1010 aut
568 944 666 1009 semel
698 945 867 1009 dumtaxat
896 953 951 1008 aut
978 967 1043 1008 una
1066 942 1169 1008 solum
1190 945 1222 1007 in
1245 966 1280 1006 re

81 1050 182 1115 illam
206 1061 368 1137 expertus
398 1073 478 1115 sum.
524 1049 613 1130 Quid
640 1070 717 1134 ergo
744 1051 870 1126 mirum,
902 1050 928 1111 si
950 1049 1012 1112 hac
1035 1047 1133 1112 fultus
1155 1057 1280 1112 tentare

82 1179 191 1220 ausus
207 1179 287 1238 sum,
309 1156 395 1241 quod
414 1156 532 1240 alioqui
552 1153 604 1218 uel
624 1156 782 1240 cogitasse
803 1153 914 1238 religio
934 1153 1047 1218 fuisset
1061 1175 1101 1218 ac
1115 1153 1282 1239 piaculum

82 1259 314 1346 inexpiabile?
353 1260 475 1324 Verum
501 1281 542 1324 ne
570 1261 653 1324 iusto
682 1258 802 1322 diutius
825 1258 965 1344 praefari
993 1257 1114 1336 videar,
1146 1279 1280 1344 corpore

85 1365 236 1452 (Christo
258 1365 395 1452 gratiae)
419 1364 587 1430 incolumis
610 1385 696 1428 sum:
720 1364 817 1428 animi
833 1385 910 1427 uero
925 1364 989 1426 mei
1004 1362 1160 1428 iudicium
1175 1362 1281 1427 aethe-

85 1493 147 1534 reo
171 1470 271 1535 iudici
292 1469 407 1536 lubens
430 1471 594 1556 permitto;
622 1471 649 1532 is
674 1470 759 1532 enim
782 1466 848 1532 falli
871 1489 935 1532 non
957 1476 1070 1551 potest.
1116 1466 1282 1546 Quantum

85 1597 170 1639 vero
194 1574 236 1638 ad
258 1583 368 1640 nostra
390 1573 627 1660 qualiacunque
650 1574 764 1637 attinet
786 1572 902 1656 studia,
934 1594 997 1636 non
1024 1593 1139 1658 parum
1161 1573 1282 1658 negotii

86 1679 186 1744 nobis
217 1679 364 1744 exhibuit
391 1678 593 1764 Augustinus
623 1677 721 1763 idque
751 1675 851 1742 multo
882 1685 1035 1763 tempore.
1081 1675 1281 1742 Contulimus

85 1787 178 1848 enim
217 1783 345 1849 codices
381 1786 575 1869 impressos¹
614 1805 689 1846 cum
725 1783 860 1846 vetustis
903 1780 1144 1868 exemplaribus
1182 1803 1282 1847 manu

86 1890 232 1974 scriptis.
270 1888 375 1953 Nemo
394 1887 473 1952 mihi
495 1889 708 1973 persuasisset
729 1907 870 1971 unquam
894 1885 975 1950 adeo
999 1908 1069 1950 esse
1093 1884 1280 1972 deprauata,

86 1992 207 2057 mutila
222 1993 393 2078 laceraque
409 1994 490 2057 tanti
505 1994 567 2057 viri
581 2013 691 2078 opera,
712 1993 744 2055 ni
764 1993 833 2076 ipse
853 2000 1006 2076 expertus
1023 2012 1137 2056 essem.
1173 1990 1281 2075 Atque

86 2101 218 2162 utinam
241 2097 293 2161 vel
316 2097 448 2162 tandem
481 2098 646 2182 contingat
676 2095 862 2160 fauentibus
891 2096 1026 2181 superis,
1056 2105 1092 2160 ut
1113 2094 1283 2160 videamus

91 2225 133 2266 ea
155 2201 293 2266 sublatis
316 2202 423 2287 quoad
452 2201 527 2266 licet
550 2200 675 2265 mendis
700 2210 732 2264 et
753 2201 883 2264 semotis
905 2199 1022 2282 nothis,
1053 2201 1139 2285 typis
1162 2222 1284 2264 excusa

88 2307 307 2372 nitidioribus.
346 2306 434 2388 Quid
455 2315 544 2372 vetat
563 2306 647 2370 bene
668 2305 827 2370 ominari?
865 2304 945 2369 Erat
964 2304 1042 2368 mihi
1065 2306 1190 2369 animus
1213 2326 1282 2391 per·

87 2412 202 2497 gendi,
227 2435 289 2498 quo
313 2434 494 2498 coeperam,
518 2410 576 2475 sed
598 2412 739 2496 antiquis
762 2410 918 2475 destituor
935 2408 1186 2495 exemplaribus,
1210 2430 1282 2474 nec·

88 2518 170 2582 licet
200 2517 290 2582 adire
323 2516 536 2582 bibliothecas
570 2516 659 2582 alias.
705 2514 824 2580 Tribus
857 2513 967 2604 verbis
1002 2514 1144 2578 indicaui
1173 2524 1281 2580 nostm

89 2622 273 2688 venerabili
295 2622 408 2701 Priori,
440 2621 518 2708 quid
544 2621 622 2686 mihi
650 2630 734 2686 esset
761 2621 868 2697 animi,
899 2641 1016 2704 rogans
1042 2618 1195 2712 liceretne
1218 2619 1282 2684 tale

90 2727 173 2814 quid
195 2749 373 2813 proponere
398 2729 502 2793 coetui
525 2736 662 2814 patrum,
687 2724 745 2790 sed
768 2724 912 2790 hortatus
933 2734 982 2788 est
996 2745 1057 2801 me,
1082 2732 1118 2788 ut
1132 2726 1283 2809 aequani-

90 2833 191 2896 miter
224 2832 393 2898 clausurae
427 2853 519 2898 meae
553 2839 700 2918 tempora
730 2829 907 2916 perferrem
937 2852 976 2895 ac
1006 2851 1083 2894 mox
1120 2830 1282 2914 aequieui.

90 2936 161 3002 Sed
185 2937 283 3002 dices.
328 2936 457 3002 Nihilne
485 2935 525 3000 de
551 2935 711 3000 Erasmo?
756 2934 882 3020 Accepi
903 2936 1016 3020 paucis
1032 2933 1152 2999 abhinc
1170 2935 1284 2998 mensi·

89 3040 155 3105 bus
172 3040 294 3126 aliquot
310 3040 352 3114 ab
369 3062 407 3105 eo
423 3039 585 3127 epistolas.
616 3039 742 3103 Harum
758 3049 921 3124 postrema
936 3040 1077 3104 insinuat
1092 3060 1126 3102 se
1145 3037 1188 3102 ad
1203 3059 1285 3102 mor·

89 3157 161 3210 tem
191 3167 293 3231 usque
322 3153 509 3231 aegrotasse
539 3165 694 3230 spemque
723 3142 801 3207 facit
828 3145 888 3207 etsi
911 3165 974 3208 non
997 3144 1125 3210 omnino
1149 3142 1284 3207 solidam

91 3253 142 3315 sui
168 3249 301 3314 reditus.
332 3249 424 3316 Haec
447 3249 507 3314 tibi
530 3248 671 3314 scribere
695 3250 801 3312 visum
825 3257 882 3325 est,
906 3257 1000 3334 pater
1021 3249 1065 3311 mi
1089 3245 1282 3327 venerande,

91 3367 129 3419 ut
153 3358 241 3421 noris
264 3378 321 3420 nos
345 3358 443 3420 etiam
466 3355 617 3420 absentes
632 3356 679 3418 tui
695 3355 880 3419 meminisse
896 3363 992 3439 teque
1008 3355 1114 3418 animo
1129 3375 1193 3417 non
1208 3351 1285 3416 ficto

92 3460 242 3545 diligere.
288 3459 365 3544 Oro,
392 3470 428 3524 ut
450 3461 592 3525 vicissim
614 3461 715 3524 nostri
743 3481 867 3522 memor
894 3479 963 3522 esse
992 3457 1134 3543 digneris
1161 3459 1194 3520 in
1220 3459 1284 3521 tuis

91 3566 256 3654 precibus.
302 3565 357 3632 Ad
386 3565 467 3630 haec
498 3567 524 3629 si
554 3565 633 3651 quid
664 3574 721 3642 est,
750 3586 813 3649 quo
841 3566 957 3630 nostris
981 3562 1094 3628 studiis
1117 3561 1284 3628 consulere

92 3682 198 3756 potes,
215 3693 334 3757 quaeso
356 3692 396 3735 ne
416 3680 470 3736 tuo
493 3669 578 3734 desis
593 3670 709 3734 officio.
744 3669 834 3734 Bene
850 3667 923 3734 vale
942 3678 1035 3755 pater
1054 3669 1281 3734 amantissime.

91 3777 147 3840 Ex
171 3784 280 3840 nostra
303 3775 418 3840 cellula
441 3798 525 3841 nona
548 3776 601 3840 die
624 3773 754 3860 Aprilis.
800 3774 896 3838 Anno
918 3773 1099 3837 MDXXV.

204 3900 259 3962 Aua
277 3900 337 3950 dem
356 3898 420 3952 Cod.
439 3899 504 3950 Hor.
521 3899 553 3949 A.
571 3898 617 3950 sol.
638 3899 687 3950 118
705 3899 722 3948 f.

138 4129 220 4178 ¹Die
237 4128 387 4194 Ausgaben‚
415 4127 458 4179 die
481 4128 570 4180 bisher
593 4143 646 4178 von
668 4127 832 4192 Augustinus
857 4124 1013 4175 erachienen
1032 4137 1130 4187 waren,
1158 4123 1217 4173 sind
1240 4123 1284 4175 die

167 4216 261 4266 Basler
278 4233 331 4268 rou
351 4217 417 4266 1506
437 4216 518 4282 (apud
536 4218 573 4268 Io.
586 4214 802 4279 Amerbachium)
820 4212 876 4264 und
894 4212 937 4262 die
955 4213 1002 4264 des
1019 4211 1118 4264 Radius
1139 4214 1212 4262 1515.
