3372 5768
108 531 214 608 [695]
426 544 527 586 Erasmus
540 556 582 586 von
597 545 722 588 acturum
735 547 780 588 und
793 547 901 589 Martinus
915 548 1010 600 Lipsius.

430 725 536 790 Linque
555 725 674 783 carmina
691 723 811 776 doctiora
829 724 914 776 doctis

431 812 620 878 Musarumque
637 811 722 862 melos
740 811 934 864 comatularum

431 897 516 948 Canto
534 898 606 965 quod
624 898 737 949 stridula
755 900 828 950 eiicit
846 915 966 966 camqna,

431 985 512 1035 Omni
529 987 615 1051 impar
633 975 707 1035 oneri
725 987 806 1036 etiam
824 986 940 1037 ferendo.

431 1075 490 1135 Quo
509 1072 539 1122 fit
556 1073 671 1140 palpitet
688 1077 716 1124 et
733 1078 813 1139 neget
831 1074 985 1140 frequenter

429 1160 553 1211 Laudum
571 1160 645 1211 adire
662 1160 760 1211 decus¹
778 1165 893 1223 tuarum,

430 1249 482 1310 Qui
499 1251 575 1298 tanto
594 1262 702 1313 superas
720 1247 820 1298 honore
838 1247 941 1315 fratres,

379 1362 382 1368 ·
430 1336 535 1397 Quanto
554 1338 595 1386 est
612 1334 679 1384 haec
697 1336 783 1384 minor
800 1334 922 1385 omnibus
941 1339 1058 1402 camqnis

427 1421 524 1472 Infelix
541 1421 638 1488 piplea.
657 1423 757 1472 etenim
774 1423 891 1488 potentis

428 1510 547 1560 Naturae
565 1511 705 1575 imperium
723 1511 762 1559 ita
780 1508 842 1559 tulit
859 1524 950 1560 omnes

428 1598 513 1648 Dotes
530 1612 640 1662 corpore
658 1595 802 1663 plurimum
821 1596 983 1662 expetendas

428 1686 466 1736 Ut
484 1684 553 1734 nulli
570 1683 674 1734 melius.
692 1684 772 1734 beata
790 1685 855 1747 uita,

398 1835 400 1838 Ι
430 1772 569 1836 Constans,
587 1770 692 1838 relligio
710 1775 737 1822 et
755 1786 841 1822 mores
859 1771 985 1835 sacrati‚²

427 1861 549 1926 Linguae
567 1873 679 1910 munera
696 1861 797 1909 nemini
815 1858 948 1925 pudenda,

427 1948 488 1997 Non
506 1945 602 1997 durum
620 1947 757 2012 ingenium
775 1961 826 1996 nec
843 1947 955 1996 insuave
974 1952 1022 1996 est.

426 2034 521 2101 Adque
538 2035 605 2085 haec
622 2036 740 2100 corporis
757 2033 829 2084 haud
847 2033 944 2083 desunt
961 2032 1070 2100 figurae,

427 2123 511 2173 Dotes
529 2128 591 2172 sunt
608 2124 691 2173 animi
709 2138 785 2188 pares
803 2125 831 2172 et
847 2123 929 2187 ipsae.

427 2210 479 2260 Sed
497 2208 561 2276 quid
580 2208 647 2260 dura
663 2211 765 2276 gemis?
782 2225 837 2259 non
854 2213 930 2274 potes
948 2224 1040 2259 omnes

426 2297 523 2348 Infelix
541 2300 676 2365 animique
694 2299 865 2363 corporisque

426 2385 499 2436 Scire
517 2399 567 2436 nec
585 2390 660 2452 potes
678 2400 802 2436 enarrare
819 2401 907 2437 versu.
965 2371 966 2374 ¹

427 2472 504 2535 Quod
522 2477 618 2522 natura
636 2477 724 2538 negat,
743 2473 815 2522 sinas
832 2471 931 2522 ualere.

429 2561 548 2626 Quisque
566 2557 637 2609 haud
655 2561 793 2625 pessimus,
811 2565 852 2610 ast
870 2562 921 2610 erit
939 2565 1032 2625 suapte

428 2648 548 2698 Censura
565 2648 725 2713 proprieque
741 2649 884 2697 sanctitate

427 2735 584 2786 Contentus.
604 2735 677 2801 Oape
694 2749 824 2801 pauperes
842 2734 953 2785 Gerardi

426 2825 519 2874 Venae
536 2821 682 2874 uersiculos
700 2821 847 2872 tenerioris.

426 2911 497 2961 Noui
514 2909 693 2977 splendidiora
711 2913 739 2960 te
757 2909 865 2960 decere:

425 2998 460 3047 At
478 3012 560 3063 quum
579 2997 649 3063 quod
667 2996 791 3046 volumus
809 2996 873 3046 dare
890 3001 1025 3062 negatum,

426 3086 528 3135 Demus
546 3085 617 3151 quod
635 3084 699 3134 dare
718 3089 808 3133 nostra
825 3084 877 3133 fert
894 3083 1015 3134 facultas.

219 3192 274 3240 Ans
292 3191 352 3241 dem
372 3189 435 3240 Cod.
453 3191 510 3241 Hor
535 3190 566 3239 A.
585 3206 610 3255 p.
629 3192 663 3239 50
673 3189 690 3238 f.

603 3492 607 3498 ·
652 3450 761 3516 XVII.

181 3654 283 3708 Mart.
308 3652 454 3721 Lipsius
477 3652 696 3710 adulescenti
720 3653 829 3710 bonae
853 3650 928 3720 spei
951 3645 1103 3708 Gerardo
1127 3651 1234 3708 Riuio

594 3757 770 3814 Gendensi
793 3759 824 3812 s.

217 3942 268 4005 Nc
290 3951 384 4029 putes
406 3942 568 4028 neglectui
590 3951 646 4006 aut
669 3941 821 4008 obliuioni
850 3942 1059 4007 tribuendum
1081 3943 1167 4028 quod
1190 3943 1300 4007 facun-

105 4049 254 4114 dissimis
284 4050 347 4113 tuis
377 4049 499 4126 litteris,
536 4069 618 4133 quae
642 4048 685 4112 ad
706 4069 758 4112 me
781 4047 918 4111 fideliter
947 4047 1090 4133 perlatae
1122 4056 1204 4124 sunt,
1235 4070 1300 4112 non

105 4153 344 4238 responderim.
389 4153 547 4218 Velamen
577 4155 804 4231 excusationis,
835 4175 898 4239 quo
928 4153 1016 4239 apud
1038 4163 1070 4216 tc
1092 4161 1172 4229 utor,
1204 4174 1300 4236 nego·
1365 4193 1368 4198 -

106 4261 237 4324 ciorum
271 4268 345 4323 sunt
378 4259 537 4335 sarcinae,
573 4258 691 4344 quibus
723 4279 776 4322 me
809 4279 924 4343 passus
951 4262 1026 4321 'tum
1059 4258 1193 4320 onerari.
1238 4257 1299 4320 His

105 4373 308 4429 exoneratus
330 4362 521 4450 posthabitis
549 4363 706 4428 omnibus.
753 4361 892 4428 Gerardi
921 4363 985 4440 mei
1016 4362 1123 4426 literas
1154 4360 1298 4446 relegere

105 4470 220 4532 vicum
242 4477 300 4548 est.
344 4467 434 4532 Inter
455 4466 629 4552 legendum
651 4468 728 4546 vidi,
752 4468 795 4546 id,
827 4467 914 4554 quod
935 4489 988 4532 res
1010 4475 1087 4544 erat,
1118 4489 1182 4532 non
1204 4487 1298 4553 posse

156 4644 163 4678 ¹
182 4659 292 4710 gemens
310 4642 489 4709 ausgefallen3
506 4643 560 4710 vgl.
580 4646 655 4709 epist.
675 4644 759 4696 XXV.
778 4659 804 4692 v.
822 4643 865 4692 28.

154 4731 165 4766 ²
183 4731 244 4796 Vgl.
262 4731 338 4781 Brief
353 4731 437 4782 XXV.
455 4747 481 4781 v.
501 4732 542 4780 70.
