<?xml version="1.0" encoding="UTF-8"?>
<!DOCTYPE html PUBLIC "-//W3C//DTD XHTML 1.0 Transitional//EN"
    "http://www.w3.org/TR/xhtml1/DTD/xhtml1-transitional.dtd">
<html xmlns="http://www.w3.org/1999/xhtml" xml:lang="en" lang="en">
 <head>
  <title>
</title>
<meta http-equiv="Content-Type" content="text/html;charset=utf-8" />
  <meta name='ocr-system' content='tesseract 3.04.00' />
  <meta name='ocr-capabilities' content='ocr_page ocr_carea ocr_par ocr_line ocrx_word'/>
</head>
<body>
  <div class='ocr_page' id='page_1' title='image "./erasmusvonrotte00lipsgoog_0101.png"; bbox 0 0 3320 5742; ppageno 0'>
   <div class='ocr_carea' id='block_1_1' title="bbox 112 563 1309 638">
    <p class='ocr_par' dir='ltr' id='par_1_1' title="bbox 112 563 1309 638">
     <span class='ocr_line' id='line_1_1' title="bbox 112 563 1309 638; baseline 0.004 -23"><span class='ocrx_word' id='word_1_1' title='bbox 112 566 214 638; x_wconf 71' lang='lat'>[757]</span> <span class='ocrx_word' id='word_1_2' title='bbox 426 578 526 635; x_wconf 76' lang='lat' dir='ltr'>Erasmus</span> <span class='ocrx_word' id='word_1_3' title='bbox 541 589 581 617; x_wconf 80' lang='lat' dir='ltr'>von</span> <span class='ocrx_word' id='word_1_4' title='bbox 597 577 720 618; x_wconf 81' lang='lat' dir='ltr'>Rotterdarn</span> <span class='ocrx_word' id='word_1_5' title='bbox 734 577 778 617; x_wconf 84' lang='lat' dir='ltr'>und</span> <span class='ocrx_word' id='word_1_6' title='bbox 793 579 900 618; x_wconf 83' lang='lat' dir='ltr'>Martinus</span> <span class='ocrx_word' id='word_1_7' title='bbox 915 579 1008 628; x_wconf 85' lang='lat' dir='ltr'><strong>Lipsius.</strong></span> <span class='ocrx_word' id='word_1_8' title='bbox 1268 563 1309 628; x_wconf 77' lang='grc'>95</span> 
     </span>
    </p>
   </div>
   <div class='ocr_carea' id='block_1_2' title="bbox 111 751 1416 1258">
    <p class='ocr_par' dir='ltr' id='par_1_2' title="bbox 111 751 1416 1258">
     <span class='ocr_line' id='line_1_2' title="bbox 112 751 1308 838; baseline 0.003 -22"><span class='ocrx_word' id='word_1_9' title='bbox 112 755 147 816; x_wconf 91' lang='lat' dir='ltr'>ei</span> <span class='ocrx_word' id='word_1_10' title='bbox 173 753 316 816; x_wconf 89' lang='lat' dir='ltr'>libellum</span> <span class='ocrx_word' id='word_1_11' title='bbox 340 751 490 838; x_wconf 83' lang='lat' dir='ltr'>aliquem.</span> <span class='ocrx_word' id='word_1_12' title='bbox 536 754 586 817; x_wconf 87' lang='lat' dir='ltr'>Ita</span> <span class='ocrx_word' id='word_1_13' title='bbox 609 753 713 834; x_wconf 87' lang='lat' dir='ltr'>hodie,</span> <span class='ocrx_word' id='word_1_14' title='bbox 738 776 836 838; x_wconf 89' lang='lat' dir='ltr'>quum</span> <span class='ocrx_word' id='word_1_15' title='bbox 859 754 972 817; x_wconf 89' lang='lat' dir='ltr'>abste</span> <span class='ocrx_word' id='word_1_16' title='bbox 997 755 1209 837; x_wconf 80' lang='lat' dir='ltr'>discederem,</span> <span class='ocrx_word' id='word_1_17' title='bbox 1235 779 1308 820; x_wconf 90' lang='lat' dir='ltr'>cum</span> 
     </span>
     <span class='ocr_line' id='line_1_3' title="bbox 112 857 1306 943; baseline 0.003 -23"><span class='ocrx_word' id='word_1_18' title='bbox 112 880 156 920; x_wconf 92' lang='lat' dir='ltr'>eo</span> <span class='ocrx_word' id='word_1_19' title='bbox 181 880 252 920; x_wconf 89' lang='lat' dir='ltr'>sum</span> <span class='ocrx_word' id='word_1_20' title='bbox 275 857 440 943; x_wconf 90' lang='lat' dir='ltr'>depactus.</span> <span class='ocrx_word' id='word_1_21' title='bbox 475 857 584 942; x_wconf 83' lang='lat' dir='ltr'>Atque</span> <span class='ocrx_word' id='word_1_22' title='bbox 606 867 641 920; x_wconf 90' lang='lat' dir='ltr'>tu</span> <span class='ocrx_word' id='word_1_23' title='bbox 664 860 791 921; x_wconf 82' lang='lat' dir='ltr'>interim</span> <span class='ocrx_word' id='word_1_24' title='bbox 814 857 892 920; x_wconf 93' lang='lat' dir='ltr'>mihi</span> <span class='ocrx_word' id='word_1_25' title='bbox 914 880 978 920; x_wconf 90' lang='lat' dir='ltr'>non</span> <span class='ocrx_word' id='word_1_26' title='bbox 998 858 1104 922; x_wconf 79' lang='lat' dir='ltr'>abibis</span> <span class='ocrx_word' id='word_1_27' title='bbox 1124 859 1306 924; x_wconf 91' lang='lat' dir='ltr'>indonatus.</span> 
     </span>
     <span class='ocr_line' id='line_1_4' title="bbox 112 962 1416 1049; baseline 0.002 -23"><span class='ocrx_word' id='word_1_28' title='bbox 112 963 308 1046; x_wconf 82' lang='lat' dir='ltr'>Distinguat</span> <span class='ocrx_word' id='word_1_29' title='bbox 331 962 382 1025; x_wconf 92' lang='lat' dir='ltr'>ille</span> <span class='ocrx_word' id='word_1_30' title='bbox 405 962 504 1027; x_wconf 91' lang='lat' dir='ltr'>libros</span> <span class='ocrx_word' id='word_1_31' title='bbox 527 985 615 1026; x_wconf 90' lang='lat' dir='ltr'>meos</span> <span class='ocrx_word' id='word_1_32' title='bbox 638 986 696 1049; x_wconf 90' lang='lat' dir='ltr'>per</span> <span class='ocrx_word' id='word_1_33' title='bbox 719 965 826 1047; x_wconf 89' lang='lat' dir='ltr'>capita</span> <span class='ocrx_word' id='word_1_34' title='bbox 849 974 881 1026; x_wconf 92' lang='lat' dir='ltr'>et</span> <span class='ocrx_word' id='word_1_35' title='bbox 903 973 1034 1028; x_wconf 88' lang='lat' dir='ltr'>annotet</span> <span class='ocrx_word' id='word_1_36' title='bbox 1056 966 1180 1028; x_wconf 90' lang='lat' dir='ltr'>uariam</span> <span class='ocrx_word' id='word_1_37' title='bbox 1202 965 1309 1029; x_wconf 89' lang='lat' dir='ltr'>lectio·</span> <span class='ocrx_word' id='word_1_38' title='bbox 1414 976 1416 981; x_wconf 85' lang='grc'><strong>’</strong></span> 
     </span>
     <span class='ocr_line' id='line_1_5' title="bbox 111 1055 1310 1154; baseline 0.002 -23"><span class='ocrx_word' id='word_1_39' title='bbox 111 1091 195 1131; x_wconf 90' lang='lat' dir='ltr'>nem</span> <span class='ocrx_word' id='word_1_40' title='bbox 218 1078 250 1131; x_wconf 90' lang='lat' dir='ltr'>et</span> <span class='ocrx_word' id='word_1_41' title='bbox 272 1070 454 1132; x_wconf 89' lang='lat' dir='ltr'>testimonia</span> <span class='ocrx_word' id='word_1_42' title='bbox 475 1055 660 1145; x_wconf 71' lang='lat' dir='ltr'>bibliorum</span> <span class='ocrx_word' id='word_1_43' title='bbox 691 1071 716 1130; x_wconf 90' lang='lat' dir='ltr'>si</span> <span class='ocrx_word' id='word_1_44' title='bbox 740 1078 910 1132; x_wconf 88' lang='lat' dir='ltr'>occurrant</span> <span class='ocrx_word' id='word_1_45' title='bbox 940 1071 1023 1132; x_wconf 90' lang='lat' dir='ltr'>inter</span> <span class='ocrx_word' id='word_1_46' title='bbox 1045 1068 1227 1152; x_wconf 84' lang='lat' dir='ltr'>legendum,</span> <span class='ocrx_word' id='word_1_47' title='bbox 1257 1093 1310 1154; x_wconf 92' lang='lat' dir='ltr'>po-</span> 
     </span>
     <span class='ocr_line' id='line_1_6' title="bbox 111 1172 752 1258; baseline 0.002 -23"><span class='ocrx_word' id='word_1_48' title='bbox 111 1183 238 1237; x_wconf 90' lang='lat' dir='ltr'>nantur</span> <span class='ocrx_word' id='word_1_49' title='bbox 260 1176 293 1236; x_wconf 90' lang='lat' dir='ltr'>in</span> <span class='ocrx_word' id='word_1_50' title='bbox 316 1175 469 1257; x_wconf 78' lang='lat' dir='ltr'>margine.</span> <span class='ocrx_word' id='word_1_51' title='bbox 517 1172 647 1258; x_wconf 81' lang='lat' dir='ltr'>Optime</span> <span class='ocrx_word' id='word_1_52' title='bbox 672 1173 752 1236; x_wconf 90' lang='lat' dir='ltr'>vale.</span> 
     </span>
    </p>
   </div>
   <div class='ocr_carea' id='block_1_3' title="bbox 225 1295 698 1361">
    <p class='ocr_par' dir='ltr' id='par_1_3' title="bbox 225 1295 698 1361">
     <span class='ocr_line' id='line_1_7' title="bbox 225 1295 698 1361; baseline 0 -17"><span class='ocrx_word' id='word_1_53' title='bbox 225 1295 280 1345; x_wconf 90' lang='lat' dir='ltr'>Aus</span> <span class='ocrx_word' id='word_1_54' title='bbox 298 1297 358 1346; x_wconf 92' lang='lat' dir='ltr'>dem</span> <span class='ocrx_word' id='word_1_55' title='bbox 378 1296 441 1346; x_wconf 87' lang='lat' dir='ltr'>Ood.</span> <span class='ocrx_word' id='word_1_56' title='bbox 460 1297 524 1344; x_wconf 89' lang='lat' dir='ltr'>Hor.</span> <span class='ocrx_word' id='word_1_57' title='bbox 544 1297 574 1345; x_wconf 89' lang='lat' dir='ltr'>A.</span> <span class='ocrx_word' id='word_1_58' title='bbox 594 1315 618 1361; x_wconf 93' lang='lat' dir='ltr'>p.</span> <span class='ocrx_word' id='word_1_59' title='bbox 639 1299 698 1344; x_wconf 86' lang='lat'>122.</span> 
     </span>
    </p>
   </div>
   <div class='ocr_carea' id='block_1_4' title="bbox 660 1523 767 1586">
    <p class='ocr_par' dir='ltr' id='par_1_4' title="bbox 660 1523 767 1586">
     <span class='ocr_line' id='line_1_8' title="bbox 660 1523 767 1586; baseline 0 0"><span class='ocrx_word' id='word_1_60' title='bbox 660 1523 767 1586; x_wconf 91' lang='lat' dir='ltr'>LXII.</span> 
     </span>
    </p>
   </div>
   <div class='ocr_carea' id='block_1_5' title="bbox 490 1722 939 1789">
    <p class='ocr_par' dir='ltr' id='par_1_5' title="bbox 490 1722 939 1789">
     <span class='ocr_line' id='line_1_9' title="bbox 490 1722 939 1789; baseline 0.004 -14"><span class='ocrx_word' id='word_1_61' title='bbox 490 1722 641 1777; x_wconf 80' lang='lat' dir='ltr'>Alerdus</span> <span class='ocrx_word' id='word_1_62' title='bbox 665 1737 728 1777; x_wconf 87' lang='lat' dir='ltr'>suo</span> <span class='ocrx_word' id='word_1_63' title='bbox 752 1723 884 1789; x_wconf 84' lang='lat' dir='ltr'>Lypsio</span> <span class='ocrx_word' id='word_1_64' title='bbox 909 1725 939 1777; x_wconf 82' lang='lat' dir='ltr'>S.</span> 
     </span>
    </p>
   </div>
   <div class='ocr_carea' id='block_1_6' title="bbox 113 1907 1311 2831">
    <p class='ocr_par' dir='ltr' id='par_1_6' title="bbox 113 1907 1311 2831">
     <span class='ocr_line' id='line_1_10' title="bbox 225 1907 1310 1993; baseline 0.003 -24"><span class='ocrx_word' id='word_1_65' title='bbox 225 1907 365 1970; x_wconf 80' lang='lat' dir='ltr'>Remitto</span> <span class='ocrx_word' id='word_1_66' title='bbox 405 1909 541 1993; x_wconf 88' lang='lat' dir='ltr'>copiam.</span> <span class='ocrx_word' id='word_1_67' title='bbox 587 1907 716 1986; x_wconf 73' lang='lat' dir='ltr'>Quaeso</span> <span class='ocrx_word' id='word_1_68' title='bbox 750 1918 798 1984; x_wconf 90' lang='lat' dir='ltr'>te,</span> <span class='ocrx_word' id='word_1_69' title='bbox 833 1919 869 1971; x_wconf 91' lang='lat' dir='ltr'>ut</span> <span class='ocrx_word' id='word_1_70' title='bbox 907 1908 1104 1973; x_wconf 86' lang='lat' dir='ltr'>collectanea</span> <span class='ocrx_word' id='word_1_71' title='bbox 1145 1911 1310 1974; x_wconf 83' lang='lat' dir='ltr'>oeconomi</span> 
     </span>
     <span class='ocr_line' id='line_1_11' title="bbox 113 2011 1311 2099; baseline 0.003 -25"><span class='ocrx_word' id='word_1_72' title='bbox 113 2013 221 2075; x_wconf 90' lang='lat' dir='ltr'>uestri</span> <span class='ocrx_word' id='word_1_73' title='bbox 243 2012 377 2075; x_wconf 90' lang='lat' dir='ltr'>Henrici</span> <span class='ocrx_word' id='word_1_74' title='bbox 400 2011 560 2088; x_wconf 85' lang='lat' dir='ltr'>Balduini‚</span> <span class='ocrx_word' id='word_1_75' title='bbox 586 2034 669 2096; x_wconf 92' lang='lat' dir='ltr'>quae</span> <span class='ocrx_word' id='word_1_76' title='bbox 696 2012 775 2075; x_wconf 92' lang='lat' dir='ltr'>mihi</span> <span class='ocrx_word' id='word_1_77' title='bbox 798 2012 958 2098; x_wconf 82' lang='lat' dir='ltr'>pollicitus</span> <span class='ocrx_word' id='word_1_78' title='bbox 981 2023 1030 2076; x_wconf 90' lang='lat' dir='ltr'>est</span> <span class='ocrx_word' id='word_1_79' title='bbox 1061 2014 1148 2099; x_wconf 92' lang='lat' dir='ltr'>apud</span> <span class='ocrx_word' id='word_1_80' title='bbox 1178 2023 1210 2076; x_wconf 91' lang='lat' dir='ltr'>te</span> <span class='ocrx_word' id='word_1_81' title='bbox 1241 2014 1311 2077; x_wconf 91' lang='lat' dir='ltr'>reli-</span> 
     </span>
     <span class='ocr_line' id='line_1_12' title="bbox 116 2116 1311 2201; baseline 0.002 -22"><span class='ocrx_word' id='word_1_82' title='bbox 116 2126 257 2193; x_wconf 87' lang='lat' dir='ltr'>cturum,</span> <span class='ocrx_word' id='word_1_83' title='bbox 290 2116 365 2180; x_wconf 90' lang='lat' dir='ltr'>huic</span> <span class='ocrx_word' id='word_1_84' title='bbox 389 2116 446 2179; x_wconf 90' lang='lat' dir='ltr'>des</span> <span class='ocrx_word' id='word_1_85' title='bbox 477 2116 686 2179; x_wconf 85' lang='lat' dir='ltr'>adulescenti.</span> <span class='ocrx_word' id='word_1_86' title='bbox 732 2117 836 2201; x_wconf 87' lang='lat' dir='ltr'>Perge</span> <span class='ocrx_word' id='word_1_87' title='bbox 868 2127 997 2181; x_wconf 89' lang='lat' dir='ltr'>strenue</span> <span class='ocrx_word' id='word_1_88' title='bbox 1027 2121 1060 2181; x_wconf 92' lang='lat' dir='ltr'>in</span> <span class='ocrx_word' id='word_1_89' title='bbox 1083 2119 1248 2183; x_wconf 89' lang='lat' dir='ltr'>Pediano¹</span> <span class='ocrx_word' id='word_1_90' title='bbox 1280 2128 1311 2181; x_wconf 91' lang='lat' dir='ltr'>et</span> 
     </span>
     <span class='ocr_line' id='line_1_13' title="bbox 117 2221 1311 2308; baseline 0.002 -24"><span class='ocrx_word' id='word_1_91' title='bbox 117 2244 202 2284; x_wconf 86' lang='lat' dir='ltr'>caue</span> <span class='ocrx_word' id='word_1_92' title='bbox 237 2243 334 2307; x_wconf 90' lang='lat' dir='ltr'>opera</span> <span class='ocrx_word' id='word_1_93' title='bbox 376 2231 408 2284; x_wconf 88' lang='lat' dir='ltr'>et</span> <span class='ocrx_word' id='word_1_94' title='bbox 440 2223 587 2306; x_wconf 90' lang='lat' dir='ltr'>impensa</span> <span class='ocrx_word' id='word_1_95' title='bbox 617 2223 650 2283; x_wconf 93' lang='lat' dir='ltr'>in</span> <span class='ocrx_word' id='word_1_96' title='bbox 684 2221 745 2285; x_wconf 89' lang='lat' dir='ltr'>hoc</span> <span class='ocrx_word' id='word_1_97' title='bbox 778 2221 856 2285; x_wconf 91' lang='lat' dir='ltr'>mihi</span> <span class='ocrx_word' id='word_1_98' title='bbox 899 2233 1019 2308; x_wconf 89' lang='lat' dir='ltr'>pereat.</span> <span class='ocrx_word' id='word_1_99' title='bbox 1067 2225 1139 2287; x_wconf 90' lang='lat' dir='ltr'>Hoc</span> <span class='ocrx_word' id='word_1_100' title='bbox 1173 2224 1311 2288; x_wconf 88' lang='lat' dir='ltr'>arbitror</span> 
     </span>
     <span class='ocr_line' id='line_1_14' title="bbox 116 2319 1310 2414; baseline 0.003 -26"><span class='ocrx_word' id='word_1_101' title='bbox 116 2327 274 2403; x_wconf 84' lang='lat' dir='ltr'>futurum,</span> <span class='ocrx_word' id='word_1_102' title='bbox 298 2327 359 2389; x_wconf 89' lang='lat' dir='ltr'>nisi</span> <span class='ocrx_word' id='word_1_103' title='bbox 382 2335 437 2389; x_wconf 91' lang='lat' dir='ltr'>tua</span> <span class='ocrx_word' id='word_1_104' title='bbox 459 2327 647 2389; x_wconf 84' lang='lat' dir='ltr'>restituatur</span> <span class='ocrx_word' id='word_1_105' title='bbox 675 2326 843 2390; x_wconf 88' lang='lat' dir='ltr'>industria.</span> <span class='ocrx_word' id='word_1_106' title='bbox 889 2328 978 2391; x_wconf 90' lang='lat' dir='ltr'>Bene</span> <span class='ocrx_word' id='word_1_107' title='bbox 1002 2329 1074 2392; x_wconf 83' lang='lat' dir='ltr'>vale</span> <span class='ocrx_word' id='word_1_108' title='bbox 1098 2319 1202 2414; x_wconf 89' lang='lat' dir='ltr'>neque</span> <span class='ocrx_word' id='word_1_109' title='bbox 1227 2350 1310 2392; x_wconf 92' lang='lat' dir='ltr'>eom-</span> 
     </span>
     <span class='ocr_line' id='line_1_15' title="bbox 116 2431 1275 2519; baseline 0.003 -26"><span class='ocrx_word' id='word_1_110' title='bbox 116 2432 238 2507; x_wconf 89' lang='lat' dir='ltr'>mittas,</span> <span class='ocrx_word' id='word_1_111' title='bbox 271 2433 348 2516; x_wconf 93' lang='lat' dir='ltr'>quin</span> <span class='ocrx_word' id='word_1_112' title='bbox 378 2431 485 2493; x_wconf 85' lang='lat' dir='ltr'>statim</span> <span class='ocrx_word' id='word_1_113' title='bbox 516 2434 715 2494; x_wconf 88' lang='lat' dir='ltr'>transmittas</span> <span class='ocrx_word' id='word_1_114' title='bbox 743 2454 846 2516; x_wconf 86' lang='lat' dir='ltr'>nugas</span> <span class='ocrx_word' id='word_1_115' title='bbox 877 2433 956 2510; x_wconf 89' lang='lat' dir='ltr'>illas,</span> <span class='ocrx_word' id='word_1_116' title='bbox 994 2456 1085 2519; x_wconf 90' lang='lat' dir='ltr'>‚quas</span> <span class='ocrx_word' id='word_1_117' title='bbox 1117 2436 1211 2498; x_wconf 90' lang='lat' dir='ltr'>sociis</span> <span class='ocrx_word' id='word_1_118' title='bbox 1234 2435 1275 2497; x_wconf 90' lang='lat' dir='ltr'>oli</span> 
     </span>
     <span class='ocr_line' id='line_1_16' title="bbox 116 2534 1311 2623; baseline 0.002 -25"><span class='ocrx_word' id='word_1_119' title='bbox 116 2534 292 2600; x_wconf 88' lang='lat' dir='ltr'>uoluerunt</span> <span class='ocrx_word' id='word_1_120' title='bbox 313 2535 456 2621; x_wconf 91' lang='lat' dir='ltr'>pandere</span> <span class='ocrx_word' id='word_1_121' title='bbox 480 2535 605 2612; x_wconf 88' lang='lat' dir='ltr'>charis‘,</span> <span class='ocrx_word' id='word_1_122' title='bbox 637 2545 673 2599; x_wconf 91' lang='lat' dir='ltr'>ut</span> <span class='ocrx_word' id='word_1_123' title='bbox 700 2537 778 2600; x_wconf 90' lang='lat' dir='ltr'>dicit</span> <span class='ocrx_word' id='word_1_124' title='bbox 800 2537 990 2601; x_wconf 85' lang='lat' dir='ltr'>Alexander</span> <span class='ocrx_word' id='word_1_125' title='bbox 1013 2538 1225 2623; x_wconf 84' lang='lat' dir='ltr'>Theopagita.</span> <span class='ocrx_word' id='word_1_126' title='bbox 1272 2539 1311 2601; x_wconf 91' lang='lat' dir='ltr'>In</span> 
     </span>
     <span class='ocr_line' id='line_1_17' title="bbox 117 2639 1309 2728; baseline 0.003 -26"><span class='ocrx_word' id='word_1_127' title='bbox 117 2639 320 2704; x_wconf 89' lang='lat' dir='ltr'>restituendo</span> <span class='ocrx_word' id='word_1_128' title='bbox 354 2640 417 2703; x_wconf 90' lang='lat' dir='ltr'>hoc</span> <span class='ocrx_word' id='word_1_129' title='bbox 452 2639 559 2704; x_wconf 92' lang='lat' dir='ltr'>libello</span> <span class='ocrx_word' id='word_1_130' title='bbox 583 2651 615 2704; x_wconf 92' lang='lat' dir='ltr'>et</span> <span class='ocrx_word' id='word_1_131' title='bbox 638 2644 752 2726; x_wconf 91' lang='lat' dir='ltr'>quouis</span> <span class='ocrx_word' id='word_1_132' title='bbox 786 2642 847 2707; x_wconf 90' lang='lat' dir='ltr'>alio</span> <span class='ocrx_word' id='word_1_133' title='bbox 883 2645 1028 2706; x_wconf 92' lang='lat' dir='ltr'>inuenies</span> <span class='ocrx_word' id='word_1_134' title='bbox 1062 2666 1114 2707; x_wconf 91' lang='lat' dir='ltr'>me</span> <span class='ocrx_word' id='word_1_135' title='bbox 1145 2645 1216 2728; x_wconf 90' lang='lat' dir='ltr'>ipsa</span> <span class='ocrx_word' id='word_1_136' title='bbox 1246 2643 1309 2706; x_wconf 90' lang='lat' dir='ltr'>fide</span> 
     </span>
     <span class='ocr_line' id='line_1_18' title="bbox 116 2744 1309 2831; baseline 0.003 -25"><span class='ocrx_word' id='word_1_137' title='bbox 116 2744 308 2821; x_wconf 92' lang='lat' dir='ltr'>fideliorem,</span> <span class='ocrx_word' id='word_1_138' title='bbox 343 2754 379 2808; x_wconf 91' lang='lat' dir='ltr'>ut</span> <span class='ocrx_word' id='word_1_139' title='bbox 402 2746 455 2829; x_wconf 91' lang='lat' dir='ltr'>qui</span> <span class='ocrx_word' id='word_1_140' title='bbox 478 2754 621 2808; x_wconf 90' lang='lat' dir='ltr'>ueterem</span> <span class='ocrx_word' id='word_1_141' title='bbox 644 2745 780 2809; x_wconf 88' lang='lat' dir='ltr'>reddam</span> <span class='ocrx_word' id='word_1_142' title='bbox 813 2769 887 2810; x_wconf 91' lang='lat' dir='ltr'>cum</span> <span class='ocrx_word' id='word_1_143' title='bbox 918 2757 984 2811; x_wconf 90' lang='lat' dir='ltr'>tota</span> <span class='ocrx_word' id='word_1_144' title='bbox 1010 2750 1162 2831; x_wconf 81' lang='lat' dir='ltr'>aerugine</span> <span class='ocrx_word' id='word_1_145' title='bbox 1191 2746 1309 2810; x_wconf 86' lang='lat' dir='ltr'>follem.</span> 
     </span>
    </p>
   </div>
   <div class='ocr_carea' id='block_1_7' title="bbox 117 2955 1313 3673">
    <p class='ocr_par' dir='ltr' id='par_1_7' title="bbox 225 2955 1078 3041">
     <span class='ocr_line' id='line_1_19' title="bbox 225 2955 1078 3041; baseline 0.005 -24"><span class='ocrx_word' id='word_1_146' title='bbox 225 2955 380 3018; x_wconf 84' lang='lat' dir='ltr'>Flandria</span> <span class='ocrx_word' id='word_1_147' title='bbox 401 2965 487 3018; x_wconf 90' lang='lat' dir='ltr'>terra</span> <span class='ocrx_word' id='word_1_148' title='bbox 509 2955 611 3019; x_wconf 90' lang='lat' dir='ltr'>bona:</span> <span class='ocrx_word' id='word_1_149' title='bbox 636 2956 693 3019; x_wconf 92' lang='lat' dir='ltr'>sed</span> <span class='ocrx_word' id='word_1_150' title='bbox 716 2956 799 3021; x_wconf 87' lang='lat' dir='ltr'>follis</span> <span class='ocrx_word' id='word_1_151' title='bbox 822 2967 937 3041; x_wconf 85' lang='lat' dir='ltr'>regnat</span> <span class='ocrx_word' id='word_1_152' title='bbox 959 2961 992 3020; x_wconf 93' lang='lat' dir='ltr'>in</span> <span class='ocrx_word' id='word_1_153' title='bbox 1015 2958 1078 3021; x_wconf 91' lang='lat' dir='ltr'>illa.</span> 
     </span>
    </p>

    <p class='ocr_par' dir='ltr' id='par_1_8' title="bbox 117 3060 1313 3439">
     <span class='ocr_line' id='line_1_20' title="bbox 224 3060 1312 3150; baseline 0.006 -28"><span class='ocrx_word' id='word_1_154' title='bbox 224 3060 263 3122; x_wconf 93' lang='lat' dir='ltr'>In</span> <span class='ocrx_word' id='word_1_155' title='bbox 287 3063 380 3124; x_wconf 90' lang='lat' dir='ltr'>tertio</span> <span class='ocrx_word' id='word_1_156' title='bbox 403 3061 473 3124; x_wconf 91' lang='lat' dir='ltr'>loco</span> <span class='ocrx_word' id='word_1_157' title='bbox 496 3061 591 3124; x_wconf 92' lang='lat' dir='ltr'>huius</span> <span class='ocrx_word' id='word_1_158' title='bbox 621 3063 772 3126; x_wconf 92' lang='lat' dir='ltr'>carminis</span> <span class='ocrx_word' id='word_1_159' title='bbox 799 3066 928 3147; x_wconf 92' lang='lat' dir='ltr'>ponitur</span> <span class='ocrx_word' id='word_1_160' title='bbox 954 3064 1092 3140; x_wconf 90' lang='lat' dir='ltr'>iambus,</span> <span class='ocrx_word' id='word_1_161' title='bbox 1126 3085 1222 3149; x_wconf 86' lang='lat' dir='ltr'>quem</span> <span class='ocrx_word' id='word_1_162' title='bbox 1246 3066 1312 3150; x_wconf 92' lang='lat' dir='ltr'>qui-</span> 
     </span>
     <span class='ocr_line' id='line_1_21' title="bbox 119 3166 1313 3252; baseline 0.004 -25"><span class='ocrx_word' id='word_1_163' title='bbox 119 3166 198 3228; x_wconf 91' lang='lat' dir='ltr'>dem</span> <span class='ocrx_word' id='word_1_164' title='bbox 220 3166 338 3250; x_wconf 91' lang='lat' dir='ltr'>pedem</span> <span class='ocrx_word' id='word_1_165' title='bbox 361 3166 551 3229; x_wconf 85' lang='lat' dir='ltr'>hexameter</span> <span class='ocrx_word' id='word_1_166' title='bbox 580 3189 694 3230; x_wconf 87' lang='lat' dir='ltr'>versus</span> <span class='ocrx_word' id='word_1_167' title='bbox 723 3191 787 3231; x_wconf 93' lang='lat' dir='ltr'>non</span> <span class='ocrx_word' id='word_1_168' title='bbox 815 3167 964 3231; x_wconf 87' lang='lat' dir='ltr'>admittit.</span> <span class='ocrx_word' id='word_1_169' title='bbox 999 3169 1059 3231; x_wconf 85' lang='lat' dir='ltr'>Est</span> <span class='ocrx_word' id='word_1_170' title='bbox 1080 3171 1177 3252; x_wconf 82' lang='lat' dir='ltr'>igitur</span> <span class='ocrx_word' id='word_1_171' title='bbox 1199 3191 1313 3233; x_wconf 90' lang='lat' dir='ltr'>reuera</span> 
     </span>
     <span class='ocr_line' id='line_1_22' title="bbox 118 3271 1313 3357; baseline 0.005 -25"><span class='ocrx_word' id='word_1_172' title='bbox 118 3272 167 3332; x_wconf 91' lang='lat' dir='ltr'>sic</span> <span class='ocrx_word' id='word_1_173' title='bbox 206 3271 393 3354; x_wconf 84' lang='lat' dir='ltr'>legendum:</span> <span class='ocrx_word' id='word_1_174' title='bbox 432 3271 595 3348; x_wconf 88' lang='lat' dir='ltr'>,Flandria</span> <span class='ocrx_word' id='word_1_175' title='bbox 631 3282 718 3336; x_wconf 87' lang='lat' dir='ltr'>terra</span> <span class='ocrx_word' id='word_1_176' title='bbox 754 3272 840 3336; x_wconf 90' lang='lat' dir='ltr'>bona</span> <span class='ocrx_word' id='word_1_177' title='bbox 878 3282 939 3336; x_wconf 89' lang='lat' dir='ltr'>est:</span> <span class='ocrx_word' id='word_1_178' title='bbox 977 3273 1046 3336; x_wconf 78' lang='lat' dir='ltr'>nil2</span> <span class='ocrx_word' id='word_1_179' title='bbox 1082 3273 1165 3337; x_wconf 85' lang='lat' dir='ltr'>follis</span> <span class='ocrx_word' id='word_1_180' title='bbox 1199 3284 1313 3357; x_wconf 83' lang='lat' dir='ltr'>regnat</span> 
     </span>
     <span class='ocr_line' id='line_1_23' title="bbox 117 3374 254 3439; baseline 0.007 -2"><span class='ocrx_word' id='word_1_181' title='bbox 117 3379 154 3438; x_wconf 91' lang='lat' dir='ltr'>in</span> <span class='ocrx_word' id='word_1_182' title='bbox 179 3374 254 3439; x_wconf 74' lang='lat' dir='ltr'>illa‘</span> 
     </span>
    </p>

    <p class='ocr_par' dir='ltr' id='par_1_9' title="bbox 227 3481 1174 3566">
     <span class='ocr_line' id='line_1_24' title="bbox 227 3481 1174 3566; baseline 0.004 -23"><span class='ocrx_word' id='word_1_183' title='bbox 227 3481 422 3544; x_wconf 85' lang='lat' dir='ltr'>Franciscus</span> <span class='ocrx_word' id='word_1_184' title='bbox 444 3482 616 3546; x_wconf 86' lang='lat' dir='ltr'>Vassorius</span> <span class='ocrx_word' id='word_1_185' title='bbox 641 3482 865 3546; x_wconf 81' lang='lat' dir='ltr'>Cassiletensis</span> <span class='ocrx_word' id='word_1_186' title='bbox 890 3487 1056 3566; x_wconf 64' lang='lat' dir='ltr'>&#39;&#39;Alapta-²</span> <span class='ocrx_word' id='word_1_187' title='bbox 1080 3489 1094 3545; x_wconf 81' lang='grc' dir='ltr'>ὁ</span> <span class='ocrx_word' id='word_1_188' title='bbox 1117 3490 1174 3558; x_wconf 77' lang='grc' dir='ltr'><strong>σός.</strong></span> 
     </span>
    </p>

    <p class='ocr_par' dir='ltr' id='par_1_10' title="bbox 229 3605 700 3673">
     <span class='ocr_line' id='line_1_25' title="bbox 229 3605 700 3673; baseline 0.004 -19"><span class='ocrx_word' id='word_1_189' title='bbox 229 3605 284 3654; x_wconf 82' lang='lat' dir='ltr'>Aus</span> <span class='ocrx_word' id='word_1_190' title='bbox 302 3606 362 3656; x_wconf 90' lang='lat' dir='ltr'>dem</span> <span class='ocrx_word' id='word_1_191' title='bbox 382 3605 446 3657; x_wconf 86' lang='lat' dir='ltr'>Cod.</span> <span class='ocrx_word' id='word_1_192' title='bbox 465 3607 529 3656; x_wconf 90' lang='lat' dir='ltr'>Hor.</span> <span class='ocrx_word' id='word_1_193' title='bbox 548 3608 578 3657; x_wconf 82' lang='lat' dir='ltr'>A.</span> <span class='ocrx_word' id='word_1_194' title='bbox 598 3626 622 3673; x_wconf 91' lang='lat' dir='ltr'>p.</span> <span class='ocrx_word' id='word_1_195' title='bbox 644 3610 700 3657; x_wconf 91' lang='lat'>123.</span> 
     </span>
    </p>
   </div>
   <div class='ocr_carea' id='block_1_8' title="bbox 653 3781 778 3844">
    <p class='ocr_par' dir='ltr' id='par_1_11' title="bbox 653 3781 778 3844">
     <span class='ocr_line' id='line_1_26' title="bbox 653 3781 778 3844; baseline -0.008 0"><span class='ocrx_word' id='word_1_196' title='bbox 653 3781 778 3844; x_wconf 88' lang='lat' dir='ltr'>LXHI.</span> 
     </span>
    </p>
   </div>
   <div class='ocr_carea' id='block_1_9' title="bbox 482 3954 953 4013">
    <p class='ocr_par' dir='ltr' id='par_1_12' title="bbox 482 3954 953 4013">
     <span class='ocr_line' id='line_1_27' title="bbox 482 3954 953 4013; baseline 0.008 -5"><span class='ocrx_word' id='word_1_197' title='bbox 482 3954 658 4009; x_wconf 81' lang='lat' dir='ltr'>Martinus</span> <span class='ocrx_word' id='word_1_198' title='bbox 682 3955 813 4011; x_wconf 86' lang='lat' dir='ltr'>Alardo</span> <span class='ocrx_word' id='word_1_199' title='bbox 836 3971 899 4011; x_wconf 86' lang='lat' dir='ltr'>suo</span> <span class='ocrx_word' id='word_1_200' title='bbox 922 3959 953 4013; x_wconf 81' lang='lat' dir='ltr'>S.</span> 
     </span>
    </p>
   </div>
   <div class='ocr_carea' id='block_1_10' title="bbox 119 4109 1314 4310">
    <p class='ocr_par' dir='ltr' id='par_1_13' title="bbox 119 4109 1314 4310">
     <span class='ocr_line' id='line_1_28' title="bbox 228 4109 1313 4199; baseline 0.011 -28"><span class='ocrx_word' id='word_1_201' title='bbox 228 4109 302 4186; x_wconf 86' lang='lat' dir='ltr'>Oro,</span> <span class='ocrx_word' id='word_1_202' title='bbox 337 4111 381 4172; x_wconf 93' lang='lat' dir='ltr'>mi</span> <span class='ocrx_word' id='word_1_203' title='bbox 412 4109 544 4188; x_wconf 88' lang='lat' dir='ltr'>Alarde‚</span> <span class='ocrx_word' id='word_1_204' title='bbox 580 4135 620 4175; x_wconf 91' lang='lat' dir='ltr'>ne</span> <span class='ocrx_word' id='word_1_205' title='bbox 651 4117 796 4196; x_wconf 79' lang='lat' dir='ltr'>graueris</span> <span class='ocrx_word' id='word_1_206' title='bbox 827 4136 885 4199; x_wconf 90' lang='lat' dir='ltr'>per</span> <span class='ocrx_word' id='word_1_207' title='bbox 915 4115 1002 4179; x_wconf 90' lang='lat' dir='ltr'>hune</span> <span class='ocrx_word' id='word_1_208' title='bbox 1036 4117 1313 4183; x_wconf 89' lang='lat' dir='ltr'>adolescentulum</span> 
     </span>
     <span class='ocr_line' id='line_1_29' title="bbox 119 4213 1314 4310; baseline 0.01 -34"><span class='ocrx_word' id='word_1_209' title='bbox 119 4213 199 4277; x_wconf 91' lang='lat' dir='ltr'>mihi</span> <span class='ocrx_word' id='word_1_210' title='bbox 234 4218 449 4279; x_wconf 88' lang='lat' dir='ltr'>transmittere</span> <span class='ocrx_word' id='word_1_211' title='bbox 481 4221 711 4292; x_wconf 90' lang='lat' dir='ltr'>commentaria</span> <span class='ocrx_word' id='word_1_212' title='bbox 738 4213 872 4282; x_wconf 90' lang='lat' dir='ltr'>Domitii</span> <span class='ocrx_word' id='word_1_213' title='bbox 896 4213 1084 4285; x_wconf 81' lang='lat' dir='ltr'>Calderini⁴</span> <span class='ocrx_word' id='word_1_214' title='bbox 1116 4225 1149 4286; x_wconf 93' lang='lat' dir='ltr'>in</span> <span class='ocrx_word' id='word_1_215' title='bbox 1181 4223 1314 4310; x_wconf 80' lang='lat' dir='ltr'>Satyras</span> 
     </span>
    </p>
   </div>
   <div class='ocr_carea' id='block_1_11' title="bbox 162 4407 1314 4830">
    <p class='ocr_par' dir='ltr' id='par_1_14' title="bbox 164 4407 1151 4473">
     <span class='ocr_line' id='line_1_30' title="bbox 164 4407 1151 4473; baseline 0.012 -18"><span class='ocrx_word' id='word_1_216' title='bbox 164 4408 172 4440; x_wconf 84' lang='lat'><strong>¹</strong></span> <span class='ocrx_word' id='word_1_217' title='bbox 192 4407 223 4468; x_wconf 79' lang='lat' dir='ltr'>Q.</span> <span class='ocrx_word' id='word_1_218' title='bbox 243 4407 373 4458; x_wconf 82' lang='lat' dir='ltr'>Asconius</span> <span class='ocrx_word' id='word_1_219' title='bbox 390 4409 533 4473; x_wconf 87' lang='lat' dir='ltr'>Pedianus,</span> <span class='ocrx_word' id='word_1_220' title='bbox 552 4411 599 4461; x_wconf 87' lang='lat' dir='ltr'>der</span> <span class='ocrx_word' id='word_1_221' title='bbox 617 4411 816 4462; x_wconf 84' lang='lat' dir='ltr'>Commentator</span> <span class='ocrx_word' id='word_1_222' title='bbox 834 4413 1034 4465; x_wconf 85' lang='lat' dir='ltr'>Ciceroniseher</span> <span class='ocrx_word' id='word_1_223' title='bbox 1051 4416 1151 4467; x_wconf 87' lang='lat' dir='ltr'>Reden.</span> 
     </span>
    </p>

    <p class='ocr_par' dir='ltr' id='par_1_15' title="bbox 164 4495 334 4545">
     <span class='ocr_line' id='line_1_31' title="bbox 164 4495 334 4545; baseline 0 -1"><span class='ocrx_word' id='word_1_224' title='bbox 164 4495 174 4527; x_wconf 87' lang='lat'><strong>²</strong></span> <span class='ocrx_word' id='word_1_225' title='bbox 191 4495 269 4545; x_wconf 82' lang='lat' dir='ltr'>Etwa</span> <span class='ocrx_word' id='word_1_226' title='bbox 288 4498 334 4544; x_wconf 82' lang='lat' dir='ltr'>ni?</span> 
     </span>
    </p>

    <p class='ocr_par' dir='ltr' id='par_1_16' title="bbox 167 4579 314 4649">
     <span class='ocr_line' id='line_1_32' title="bbox 167 4579 314 4649; baseline 0.014 -19"><span class='ocrx_word' id='word_1_227' title='bbox 167 4579 314 4649; x_wconf 65' lang='grc' dir='ltr'>1Αλοὶρδος.</span> 
     </span>
    </p>

    <p class='ocr_par' dir='ltr' id='par_1_17' title="bbox 162 4669 1314 4830">
     <span class='ocr_line' id='line_1_33' title="bbox 162 4669 1314 4744; baseline 0.012 -26"><span class='ocrx_word' id='word_1_228' title='bbox 162 4669 243 4718; x_wconf 79' lang='lat' dir='ltr'>⁴mn</span> <span class='ocrx_word' id='word_1_229' title='bbox 262 4670 434 4721; x_wconf 79' lang='lat' dir='ltr'>Commentar</span> <span class='ocrx_word' id='word_1_230' title='bbox 452 4673 497 4722; x_wconf 89' lang='lat' dir='ltr'>des</span> <span class='ocrx_word' id='word_1_231' title='bbox 516 4673 652 4723; x_wconf 88' lang='lat' dir='ltr'>Domitius</span> <span class='ocrx_word' id='word_1_232' title='bbox 671 4674 829 4725; x_wconf 87' lang='lat' dir='ltr'>Calderinus</span> <span class='ocrx_word' id='word_1_233' title='bbox 848 4693 881 4726; x_wconf 81' lang='lat' dir='ltr'>zu</span> <span class='ocrx_word' id='word_1_234' title='bbox 900 4679 1007 4727; x_wconf 89' lang='lat' dir='ltr'>Persius</span> <span class='ocrx_word' id='word_1_235' title='bbox 1024 4678 1100 4744; x_wconf 84' lang='lat' dir='ltr'>liegt,</span> <span class='ocrx_word' id='word_1_236' title='bbox 1126 4697 1154 4730; x_wconf 88' lang='lat' dir='ltr'>so</span> <span class='ocrx_word' id='word_1_237' title='bbox 1173 4681 1227 4730; x_wconf 91' lang='lat' dir='ltr'>viel</span> <span class='ocrx_word' id='word_1_238' title='bbox 1252 4699 1314 4732; x_wconf 88' lang='lat' dir='ltr'>man</span> 
     </span>
     <span class='ocr_line' id='line_1_34' title="bbox 191 4759 1228 4830; baseline 0.011 -23"><span class='ocrx_word' id='word_1_239' title='bbox 191 4760 275 4821; x_wconf 86' lang='lat' dir='ltr'>weiss,</span> <span class='ocrx_word' id='word_1_240' title='bbox 294 4759 369 4808; x_wconf 88' lang='lat' dir='ltr'>nieht</span> <span class='ocrx_word' id='word_1_241' title='bbox 387 4760 518 4824; x_wconf 84' lang='lat' dir='ltr'>gedruckt</span> <span class='ocrx_word' id='word_1_242' title='bbox 535 4777 595 4825; x_wconf 82' lang='lat' dir='ltr'>v0r3</span> <span class='ocrx_word' id='word_1_243' title='bbox 615 4759 837 4814; x_wconf 87' lang='lat' dir='ltr'>wahrsch&#39;einlich</span> <span class='ocrx_word' id='word_1_244' title='bbox 855 4767 890 4813; x_wconf 88' lang='lat' dir='ltr'>ist</span> <span class='ocrx_word' id='word_1_245' title='bbox 908 4767 1015 4830; x_wconf 88' lang='lat' dir='ltr'>Lipsius</span> <span class='ocrx_word' id='word_1_246' title='bbox 1033 4769 1070 4816; x_wconf 92' lang='lat' dir='ltr'>im</span> <span class='ocrx_word' id='word_1_247' title='bbox 1089 4769 1228 4818; x_wconf 89' lang='lat' dir='ltr'>Irrthume.</span> 
     </span>
    </p>
   </div>
   <div class='ocr_carea' id='block_1_12' title="bbox 1130 4855 1162 4906">
    <p class='ocr_par' dir='ltr' id='par_1_18' title="bbox 1130 4855 1162 4906">
     <span class='ocr_line' id='line_1_35' title="bbox 1130 4855 1162 4906; baseline 0 -22"><span class='ocrx_word' id='word_1_248' title='bbox 1130 4855 1162 4906; x_wconf 65' lang='grc'><strong>711·</strong></span> 
     </span>
    </p>
   </div>
   <div class='ocr_carea' id='block_1_13' title="bbox 0 0 1664 5742">
    <p class='ocr_par' dir='ltr' id='par_1_19' title="bbox 0 0 1664 5742">
     <span class='ocr_line' id='line_1_36' title="bbox 0 0 1664 5742; baseline 0 1"><span class='ocrx_word' id='word_1_249' title='bbox 0 0 1664 5742; x_wconf 95' lang='lat' dir='ltr'> </span> 
     </span>
    </p>
   </div>
  </div>
 </body>
</html>
