3320 5742
381 500 443 590 116
900 512 1046 554 aaronita.
1117 531 1122 538 ·
1480 503 1566 574 [778]

381 693 551 757 historicae
582 692 627 753 rei
659 690 836 754 studiosum
865 691 1061 775 perquirere,
1093 711 1176 752 anne
1206 690 1412 753 historiarum
1441 690 1567 774 aliquid,

291 801 294 806 '
383 801 408 862 si
432 820 497 861 non
520 795 663 860 eiusdem
687 804 773 858 certe
797 795 850 858 vel
873 795 1003 859 alterius
1026 795 1167 860 authoris
1191 805 1284 872 esset,
1316 795 1371 859 tali
1396 796 1506 872 forma,
1537 805 1570 859 ut

382 904 458 967 huie
481 911 555 988 apte
579 902 730 984 coniungi
753 910 872 987 posset.
905 899 1055 964 Necdum
1079 901 1163 964 enirn
1188 911 1375 985 compactus
1407 910 1456 963 est
1482 900 1568 977 liber,

383 1011 439 1095 qui
470 1008 623 1071 videlicet
655 1029 693 1071 ea
724 1008 764 1070 sit
794 1008 980 1091 quantitate,
1012 1015 1047 1069 ut
1081 1005 1187 1070 adhuc
1222 1008 1389 1092 quippiam
1421 1007 1570 1070 materiae

383 1114 570 1198 formaeque
593 1134 657 1176 non
676 1112 819 1197 disparis
842 1111 919 1175 addi
942 1111 1059 1175 malim.
1107 1109 1172 1174 Sed
1194 1113 1259 1174 iam
1281 1112 1363 1188 vale,
1388 1113 1432 1174 mi
1456 1112 1571 1174 suauis-

386 1221 464 1282 sime
487 1241 526 1281 ac
550 1218 734 1281 doctissime
750 1217 899 1280 Martine.
937 1216 1041 1280 Multa
1057 1217 1187 1302 quidem
1210 1216 1316 1280 adhuc
1340 1216 1403 1280 alia
1427 1224 1510 1291 sunt,
1536 1216 1573 1279 de

385 1323 503 1410 quibus
538 1331 646 1385 tecum
680 1313 797 1406 agere*
810 1320 916 1398 velim,
953 1320 1009 1383 sed
1039 1343 1103 1384 non
1134 1342 1169 1383 es
1195 1320 1342 1404 pluribus
1376 1320 1572 1404 grauandus.

385 1429 497 1505 Erunt,
523 1429 598 1504 scio,
623 1429 685 1490 ista
707 1425 780 1511 plus
797 1427 872 1488 satis
888 1424 1031 1488 moleste.
1055 1425 1101 1489 Ut
1117 1426 1202 1489 enim
1224 1425 1343 1490 librum
1366 1425 1574 1509 tibigratunr

385 1533 453 1598 fore
478 1531 614 1608 confido,
640 1533 684 1594 ita
705 1531 880 1616 plurimum
902 1550 1018 1593 vereor
1040 1530 1121 1593 haec
1145 1551 1218 1594 mea
1240 1531 1361 1616 scripta
1382 1540 1453 1593 tum
1484 1530 1574 1616 proli·

385 1640 495 1714 nitate,
520 1645 588 1700 tum
611 1636 761 1700 barbarie
784 1635 843 1699 tibi
867 1636 956 1699 oneri
979 1634 1096 1698 futura.
1143 1635 1209 1698 Sed
1231 1657 1329 1720 parce
1353 1657 1476 1721 quaeso
1499 1637 1574 1698 vitio

386 1743 523 1826 utrique,
547 1740 608 1804 hoc
632 1750 680 1804 est
703 1741 843 1826 ineptiae
867 1748 899 1802 et
920 1739 1113 1824 loquacitati,
1139 1740 1226 1826 quod
1250 1749 1336 1804 certe
1359 1741 1524 1804 facturum
1545 1751 1575 1804 te

385 1869 450 1910 non
473 1846 624 1931 despero:
647 1854 773 1908 tantum
794 1844 873 1908 milri
897 1845 1111 1909 confidentiae
1134 1854 1183 1908 est
1205 1845 1245 1908 de
1273 1847 1382 1908 innato
1413 1845 1474 1910 tibi
1506 1869 1575 1909 ean-

387 1952 465 2016 dore
490 1961 521 2014 et
543 1951 770 2016 beneuolentia
792 1951 923 2014 minime
946 1950 1080 2034 vulgari.
1128 1949 1226 2014 Cuius
1257 1973 1331 2014 eum
1353 1953 1418 2016 iam
1449 1952 1576 2037 pridem

387 2059 605 2119 coniecturam
619 2055 777 2133 fecissem,
794 2055 1069 2140 haudquaquam,
1093 2064 1130 2119 ut
1143 2056 1261 2141 patuit,
1280 2055 1404 2133 falsam,
1429 2066 1465 2119 tu
1482 2059 1576 2120 etiam

387 2161 488 2224 literis
511 2161 574 2224 tuis
596 2161 810 2224 indubitatam
834 2169 1019 2245 certamque
1042 2160 1120 2223 mihi
1143 2160 1248 2224 fecisti
1271 2161 1379 2225 fidem.
1426 2160 1501 2245 Age
1523 2164 1575 2225 ita-

387 2289 460 2352 que,
492 2268 538 2328 uti
570 2265 705 2342 confido,
737 2274 769 2327 et
796 2265 950 2350 quiequid
982 2264 1015 2328 id
1039 2274 1088 2328 est
1121 2266 1314 2350 ineptiarum
1343 2265 1422 2329 boni
1445 2267 1574 2330 consule

388 2381 483 2456 teque
506 2370 716 2436 vehementer
739 2392 758 2432 a
780 2392 831 2432 me
855 2370 955 2433 amari
978 2391 1019 2432 ne
1043 2358 1165 2434 dubita.
1211 2370 1319 2443 Tuum
1341 2371 1478 2456 proinde
1503 2370 1576 2435 Gui-

389 2477 520 2540 lelmum
537 2477 596 2538 etsi
613 2475 782 2559 indignum
805 2483 901 2559 atque
917 2476 1110 2538 immeritum
1127 2477 1271 2538 vicissim
1286 2498 1367 2539 ama.
1403 2475 1456 2538 Ex
1472 2475 1574 2540 Viridi

388 2580 473 2644 valle
496 2581 528 2642 in
552 2601 644 2644 sacra
666 2580 776 2662 vigilia
800 2579 866 2642 diui
889 2579 1019 2642 Ioannis
1042 2579 1217 2664 Baptistae.

492 2703 548 2752 Aue
566 2703 625 2752 dem
645 2701 709 2754 Cod.
727 2702 792 2754 Hor.
811 2701 842 2751 A.
861 2719 886 2767 p.
907 2704 963 2751 141.

422 2950 549 2998 nowen.
659 2891 663 2898 Ι
891 2927 1082 2993 LXXXIV.
1328 2949 1367 2998 13.
1386 2950 1542 2999 December.

469 3128 644 3184 Martinus
668 3129 823 3194 nypsius
846 3128 1088 3183 Bruxellensis
1112 3143 1175 3184 suo
1200 3129 1381 3185 Guilelmo
1405 3131 1436 3185 S.
1460 3133 1498 3186 D.

492 3314 617 3401 Accepi
640 3316 748 3380 literas
771 3325 852 3393 tuas,
877 3314 1038 3380 Guilelme
1062 3319 1261 3381 suauissima,
1307 3317 1372 3380 Eas
1396 3341 1461 3382 non
1484 3318 1572 3382 modo

389 3424 558 3508 patienter,
596 3422 682 3507 quod
713 3422 835 3487 ambire
868 3422 1041 3498 videbaris,
1078 3422 1135 3486 sed
1159 3432 1190 3486 et
1213 3423 1351 3486 libenter
1373 3423 1446 3507 legi,
1482 3424 1572 3508 idque

390 3525 488 3590 semel
511 3535 607 3610 atque
634 3527 760 3589 iterum.
806 3526 937 3590 Dehinc
969 3549 1043 3590 curn
1070 3528 1222 3591 volumen
1253 3550 1381 3614 quoque
1413 3550 1573 3592 cernerem

389 3632 448 3696 abs
472 3641 503 3694 te
526 3632 668 3707 missum,
701 3630 789 3693 dictu
811 3632 937 3708 mirum,
971 3642 1090 3716 quanto
1114 3633 1278 3715 gestierim
1304 3633 1431 3717 gaudio.
1479 3631 1574 3697 Simul

390 3738 475 3800 enim
510 3745 541 3798 et
574 3737 657 3798 votis
691 3737 770 3799 meis
806 3736 1055 3800 cumulatissime
1090 3737 1267 3801 satisfiebat
1298 3748 1330 3800 et
1360 3738 1487 3802 Erasmi
1517 3739 1574 3802 mei

390 3841 493 3906 dulcis
525 3843 558 3904 in
580 3863 651 3905 meo
685 3851 815 3927 pectore
851 3841 1069 3906 renouabatur
1103 3845 1266 3906 memoria.
1313 3843 1355 3906 Et
1378 3866 1395 3907 o
1419 3853 1451 3906 te
1475 3847 1575 3908 virum

390 3946 547 4011 bonorum
571 3947 712 4009 omnium
740 3968 848 4009 amore
880 3947 1022 4030 dignum,
1054 3949 1108 4032 qui
1136 3956 1202 4011 tam
1232 3970 1385 4031 germano
1408 3948 1575 4012 Erasmum

390 4063 534 4116 nostrum
569 4050 714 4114 celebras
749 4053 904 4115 encomio.
950 4052 1073 4115 Verum
1108 4053 1195 4137 quod
1229 4052 1337 4117 multis
1371 4063 1518 4118 vestrum
1545 4055 1576 4118 hi

389 4156 463 4220 libri
486 4176 640 4219 nauseam
664 4165 803 4232 mouent,
836 4155 923 4241 apud
945 4177 996 4218 me
1025 4179 1145 4220 nouum
1169 4168 1317 4221 nonest:
1350 4179 1410 4221 nec
1434 4159 1503 4235 tibi,
1536 4161 1575 4222 mi

391 4259 559 4338 Gudelme,
585 4261 700 4324 mirum
723 4259 827 4324 videri
850 4260 956 4338 debet,
989 4263 1040 4324 oui
1072 4271 1107 4324 ut
1139 4264 1252 4346 opinor
1283 4264 1347 4325 iam
1379 4275 1575 4348 compertum

391 4375 439 4428 est
462 4367 582 4450 optima
606 4387 754 4451 quaeque
778 4367 979 4450 paucissimis
1002 4366 1140 4452 placere.
1180 4366 1250 4430 Iam
1273 4377 1308 4431 ut
1332 4378 1363 4430 et
1387 4369 1427 4432 de
1450 4369 1573 4444 libellis,

391 4491 526 4554 quorum
550 4470 627 4533 mihi
649 4471 733 4533 texis
757 4469 923 4548 elenchon,
949 4471 1066 4553 dicam,
1099 4469 1216 4535 nollem
1239 4481 1270 4535 te
1295 4474 1397 4536 cuiuis
1429 4496 1467 4536 ac
1500 4477 1574 4536 citra

391 4573 552 4637 delectum
576 4583 608 4636 et
636 4584 757 4637 temere
789 4596 958 4638 censuram
988 4576 1085 4638 animi
1116 4577 1162 4638 tui
1192 4576 1412 4657 manifestare3
1446 4599 1574 4662 grauem

391 4679 476 4741 enim
498 4677 557 4742 tibi
586 4677 743 4742 conflares
773 4678 929 4742 inuidiam
960 4688 991 4742 et
1022 4679 1130 4744 odium
1160 4702 1198 4744 ao
1229 4680 1358 4744 turbam
1390 4684 1571 4746 concitares.
