3320 5742
75 561 181 633 [751]
394 574 494 615 &aarum
508 586 548 615 von
563 575 687 616 Rotterdam
701 576 745 617 und
757 533 864 618 Martinus
878 577 972 628 Lipsius.
1233 565 1274 629 89

73 749 227 831 pessime
249 771 336 812 nunc
359 769 470 812 omnes
493 749 632 834 religiosi
655 751 742 836 apud
765 751 881 836 vulgus
904 753 1048 816 audiunt.
1087 753 1176 833 Quid
1198 775 1274 840 ergo

73 854 219 917 tandem
242 854 385 918 faunum
408 864 466 936 cst,
492 857 518 917 si
541 855 651 919 dedita
674 879 772 941 opera
794 856 912 921 odiosis
934 880 992 922 nos
1015 844 1274 924 inmiscuerimus

73 959 252 1042 negociis?
297 959 418 1037 Habes,
443 968 536 1046 pater
558 959 753 1038 honorande,
778 961 857 1047 quid
880 963 920 1026 de
943 972 976 1027 te
998 961 1051 1027 hic
1073 964 1204 1029 feratur.
1240 964 1274 1029 Si

74 1063 166 1148 quid
188 1085 247 1150 per
269 1086 321 1128 mc
345 1064 416 1129 fieri
438 1065 528 1142 velis,
553 1066 677 1130 iubeto:
708 1075 782 1130 tuus
806 1090 875 1131 sum
898 1070 931 1130 in
959 1068 1117 1133 omnibus.
1163 1068 1275 1134 Saluta

75 1191 140 1233 oro
165 1191 237 1234 meo
260 1173 389 1234 nomine
417 1170 460 1234 D.
484 1169 684 1255 Aegidium,¹
713 1180 841 1236 vestrae
865 1172 978 1237 domus
1009 1172 1273 1259 dispensatorem,

72 1273 164 1338 mihi
193 1285 229 1338 ut
251 1297 310 1360 par
333 1285 381 1339 est
404 1299 447 1340 ex
477 1278 585 1340 animo
615 1277 779 1341 dilectum.
826 1276 962 1343 Gaudeo
990 1301 1063 1342 eum
1093 1278 1274 1364 periculosa

73 1380 289 1464 aegritudine
324 1381 535 1445 conualuisse.
582 1380 757 1467 Cuperem,
793 1384 820 1446 si
853 1383 924 1446 fieri
958 1392 1081 1469 posset,
1116 1405 1190 1448 cum
1220 1383 1273 1448 illo

17 1515 21 1520 ·
74 1484 256 1569 quaedam,
281 1506 364 1571 quac
389 1485 520 1550 chartae
552 1486 739 1551 mandanda
768 1509 833 1551 non
866 1496 949 1564 sunt,
983 1487 1138 1552 conferre.
1184 1489 1274 1553 Bene

74 1589 168 1667 vale,
192 1599 285 1676 pater
306 1589 547 1654 humanissime.
593 1591 646 1656 Ex
675 1601 785 1656 nostra
815 1591 930 1656 cellula
962 1601 1054 1657 sexto
1077 1593 1130 1656 die
1152 1595 1273 1657 mensis

74 1694 268 1759 nouembris
292 1695 387 1760 Anno
413 1695 506 1760 1525.

187 1819 244 1869 Aua
261 1819 321 1869 dem
341 1819 404 1869 Ood.
424 1819 488 1870 Hor.
507 1819 538 1868 A.
556 1837 581 1885 p.
602 1821 651 1869 114
669 1819 687 1870 f.

567 2149 569 2156 Ι
646 2053 716 2117 LV.

74 2253 169 2309 Viro
193 2268 274 2310 oum
297 2255 490 2322 prophanis
520 2258 599 2311 tum
630 2257 738 2312 sacris
769 2256 885 2311 literis
915 2255 1076 2324 adprime
1099 2255 1273 2313 instructo

234 2359 422 2415 Melchiori
446 2355 637 2417 Viandalo²
659 2362 832 2418 Martinus
855 2361 1008 2429 Lypsius
1031 2361 1061 2417 S.
1085 2363 1122 2417 P.

187 2544 256 2608 Nisi
279 2547 393 2609 fmaior
426 2544 466 2608 de
500 2547 640 2630 genuino
673 2547 794 2630 ingenii
826 2531 873 2610 tui
912 2545 1051 2610 candore
1085 2545 1163 2610 mihi
1197 2569 1270 2632 spes

78 2656 178 2731 esset,
202 2651 252 2712 vir
275 2648 469 2732 doctissime,
500 2650 661 2735 quamde
690 2673 742 2714 me
771 2652 842 2735 ipso
872 2653 994 2714 meisue
1025 2653 1162 2736 scriptis,
1193 2673 1271 2715 nun·

78 2775 180 2838 quam
202 2752 280 2817 mihi
303 2757 462 2840 imperare
493 2757 677 2840 potuissem,
701 2765 737 2818 ut
760 2754 802 2819 ad
832 2765 864 2818 te
895 2755 1004 2820 literas
1028 2755 1149 2820 darem.
1196 2753 1270 2820 Scio

77 2880 181 2943 quam
202 2866 346 2922 ueterem
369 2857 456 2924 illam
479 2858 662 2945 imbiberim
684 2859 883 2924 barbariem:
906 2882 972 2924 non
994 2863 1115 2946 ignoro,
1151 2861 1270 2946 quibus

77 2985 157 3026 cum
194 2963 273 3027 mihi
310 2964 496 3049 quotidiana
530 2966 616 3028 vitae
655 2967 695 3028 sit
733 2964 940 3030 consuetudo.
986 2965 1137 3051 Denique
1171 2987 1271 3052 quam

75 3067 160 3131 nihil
183 3070 216 3130 in
239 3089 291 3131 me
316 3070 366 3151 sit,
401 3069 488 3154 quod
517 3069 694 3134 eruditione
729 3073 967 3155 praeminentes
1001 3073 1086 3135 viros
1121 3069 1270 3153 oblectet,

75 3175 225 3258 pernoui‚
240 3175 310 3250 ,nisi
332 3173 466 3238 forsitan
488 3173 540 3237 hic
563 3175 689 3238 animus
715 3177 774 3238 etsi
796 3174 884 3239 nullo
907 3175 1062 3261 politioris
1084 3175 1270 3240 literaturae

76 3298 212 3342 vomere
236 3276 351 3362 cultus,
375 3278 522 3343 doctrina
543 3289 653 3343 tamen
675 3278 831 3364 praeditis
854 3278 955 3344 veluti
971 3281 1111 3366 quodam
1133 3291 1268 3344 naturae

76 3403 201 3446 arcano
225 3381 324 3446 ductu
346 3382 598 3448 fauentissimus.
643 3383 683 3448 Id
713 3384 826 3469 opinor
854 3387 887 3448 in
909 3384 1033 3470 Lypsio
1061 3386 1267 3470 perspexisse

76 3487 253 3551 Erasmum
275 3509 336 3551 nec
359 3487 448 3552 eliud
471 3491 653 3574 quicquam.
699 3489 745 3554 Ut
768 3511 845 3553 vero
867 3492 894 3554 is
918 3492 1017 3553 animi
1039 3489 1175 3554 affectus
1199 3491 1269 3555 viro

76 3593 182 3680 illi-et
203 3596 402 3679 perspicacis
434 3596 554 3678 ingenii
569 3603 610 3666 ¹et
633 3596 703 3659 sani
732 3595 844 3659 iudicii
873 3595 961 3659 haud
990 3617 1153 3681 quaquam
1183 3615 1268 3680 sper·
1374 3614 1376 3618 ·

75 3699 207 3763 nendus
231 3701 320 3764 visus
343 3709 401 3782 est,
424 3702 469 3764 ita
492 3701 611 3780 veteris
634 3699 781 3764 inscitiae
804 3702 947 3785 patronis
970 3711 1002 3764 ct
1023 3702 1175 3785 antiquae
1197 3699 1268 3764 bar-

76 3803 184 3868 bariei
206 3803 343 3868 alumnis
375 3805 620 3869 molestissimus
643 3814 692 3868 est
714 3827 752 3868 ac
775 3827 878 3890 paene
901 3803 1121 3869 intolerabilis.
1166 3804 1212 3868 Hi
1233 3816 1269 3868 ut

77 3910 196 3994 quouis
220 3908 315 3974 modo
339 3933 372 3974 se
397 3909 437 3973 dc
462 3932 512 3974 mc
529 3909 735 3992 ulciscantur,
759 3910 948 3995 plerumque
973 3920 1066 3974 coetu
1082 3909 1166 3973 lacto
1182 3931 1268 3973 nunc

77 4013 161 4095 illos,
185 4013 302 4099 quibus
325 4014 459 4096 afficior,
482 4036 569 4079 nunc
592 4013 717 4080 illorum
737 4013 895 4078 industria
911 4013 1014 4078 editas
1030 4011 1268 4078 lucubrationes

78 4141 132 4182 me
166 4140 274 4182 coram
298 4118 543 4202 calumniantur,
577 4118 664 4184 haud
697 4121 814 4204 ignari,
849 4142 946 4205 quam
981 4141 1032 4182 me
1067 4119 1172 4198 dictis,
1203 4120 1267 4184 imo

78 4222 302 4310 sycophantiis
328 4225 486 4289 eiusmodi
510 4226 662 4289 crucient.
709 4224 832 4289 Verum
864 4224 936 4309 plus
959 4223 1047 4310 apud
1083 4243 1134 4286 me
1169 4224 1270 4286 ualuit

124 4492 130 4524 ¹
152 4489 237 4541 Sollte
255 4489 312 4540 dics
329 4491 376 4540 der
394 4490 438 4540 bei
456 4489 559 4540 Sander
576 4489 595 4540 l.
614 4507 637 4540 c.
655 4490 690 4540 H.
709 4491 741 4539 52
761 4489 896 4539 eruthnte
914 4487 1117 4554 Historiograph
1136 4489 1211 4538 sein?

120 4577 132 4612 ²
151 4576 278 4626 Erasmus
296 4581 380 4627 neunt
399 4578 435 4643 (p.
450 4576 527 4641 1500)
540 4576 588 4626 ihu
597 4575 746 4627 Viaudulus
758 4577 865 4641 egregie
878 4575 971 4626 doctus
983 4575 1039 4626 und
1051 4574 1181 4625 beriohtet
1201 4576 1267 4624 1535

149 4678 186 4714 an
210 4663 499 4730 Latomussp.1509),
527 4663 587 4714 dass
605 4662 763 4726 Viandulus‚
791 4663 885 4714 dassen
902 4661 1083 4725 Landsmann,
1107 4675 1140 4712 zu
1164 4661 1267 4712 Dornik

150 4749 298 4816 (Toumay)
317 4766 353 4801 au
371 4751 418 4801 der
435 4751 500 4801 Pest
516 4751 660 4816 gestorben
678 4750 726 4800 sci.
