3372 5768
100 534 196 607 [693]
408 547 508 586 erasmus
523 556 564 585 von
578 544 703 586 Rotterdam
717 545 761 585 und
775 545 882 585 Martinus
897 543 991 594 Lipsius.

660 792 734 855 XV.

102 982 279 1050 Martinus
302 993 455 1060 Lypsius
478 991 720 1048 Bruxeliensis
752 992 882 1059 probae
912 991 1042 1080 indolis
1069 960 1287 1049 adulescenti

323 1093 496 1153 Gerardo¹
519 1091 648 1152 Riuio²
670 1096 894 1153 (tandauensi
917 1097 948 1152 S.
972 1098 1008 1153 P.
1032 1098 1070 1151 D.

210 1283 283 1364 Quo
305 1284 411 1346 minus
434 1281 554 1346 habeas
577 1290 721 1346 nostrum
742 1283 957 1360 Aristotelem,
981 1283 1025 1346 mi
1049 1281 1203 1360 Gerarde,
1231 1305 1289 1369 per
1352 1368 1355 1372 ¹

102 1411 157 1452 me
189 1409 253 1452 non
285 1389 380 1451 stetit.
426 1385 496 1450 Scis
525 1387 695 1452 formulam
725 1371 910 1465 verborum,
943 1388 1060 1473 quibus
1090 1398 1197 1451 tecum
1226 1390 1288 1471 egi.

104 1495 141 1557 Si
162 1493 377 1557 verecundiae
400 1493 494 1556 huius
516 1493 687 1579 plusquam
701 1493 866 1577 virginalis
889 1495 1040 1558 affectum
1060 1495 1202 1558 eximere
1224 1517 1290 1558 non

104 1599 206 1675 vales,
237 1620 306 1681 age,
337 1598 505 1662 dumtaxat
535 1598 639 1662 scribe
669 1609 701 1662 te
732 1597 828 1662 velle:
864 1609 895 1662 et
925 1598 1008 1662 illico
1038 1599 1081 1663 ad
1110 1608 1141 1662 te
1171 1600 1288 1662 veniet.

103 1702 279 1767 Caeterum
300 1711 336 1765 tu
357 1703 500 1766 vicissim
530 1724 599 1767 rem
621 1704 698 1766 mihi
730 1703 888 1789 (quisquis
912 1702 996 1791 sum)
1031 1712 1216 1789 pergratam
1247 1703 1290 1766 fe-

104 1809 199 1884 ceris,
232 1809 257 1870 si
287 1805 481 1890 farraginem
503 1807 741 1872 Erasmicarum
772 1807 978 1894 epistolarum
1008 1808 1049 1871 ad
1081 1829 1132 1871 me
1155 1807 1289 1871 miseris.

104 1910 188 1976 Mihi
212 1913 288 1975 satis
311 1911 415 1988 fuerit,
448 1911 534 1996 quod
556 1911 641 1975 horis
664 1911 785 1996 aliquot
808 1933 846 1974 ea
867 1913 914 1974 uti
937 1911 1041 1976 liceat.
1088 1911 1121 1976 Si
1145 1934 1216 1976 eam
1231 1912 1291 1977 tibi

104 2017 248 2079 necdum
277 2017 389 2092 emisti,
421 2015 464 2080 da
494 2038 633 2101 operam,
666 2026 701 2080 ut
730 2016 771 2080 ab
803 2016 940 2080 amiculo
965 2017 1116 2101 quopiam
1145 2018 1290 2102 precario

104 2121 258 2206 accipias,
289 2120 347 2184 sed
375 2130 429 2184 tuo
458 2121 596 2197 nomine,
627 2143 691 2184 non
720 2143 802 2198 meo,
834 2123 889 2206 qui
919 2121 1036 2185 cuculli
1066 2120 1160 2186 huius
1189 2124 1293 2207 gratia

104 2225 191 2288 male
207 2225 302 2288 audio
319 2224 406 2309 apud
425 2223 587 2310 plurimos.
612 2226 702 2289 Bene
725 2225 805 2302 vale,
831 2226 874 2288 mi
890 2225 1045 2303 Gerarde,
1071 2237 1102 2290 ei
1118 2227 1292 2291 Martinum

105 2330 154 2392 tui
179 2329 433 2391 amantissimum
455 2329 587 2392 redama
610 2330 798 2414 synceriter.

213 2450 268 2500 Aus
286 2450 346 2500 dem
365 2449 429 2500 Cod.
448 2451 512 2501 Hor.
531 2452 561 2502 A.
580 2469 606 2518 p.
624 2453 667 2500 49.

656 2728 748 2793 XVI.

193 2934 233 2988 D.
256 2930 408 2986 Martino
431 2929 564 2998 Lypsio
587 2929 809 2985 Bruxellensi
834 2930 1009 2987 Gerardus
1032 2931 1158 2988 Rivius
1182 2933 1213 2988 S.

214 3116 346 3179 Memini
377 3114 484 3178 alteris
512 3115 575 3178 tuis
598 3114 696 3178 literis
719 3113 802 3178 male
825 3137 876 3178 me
899 3116 1027 3180 audisse
1050 3126 1181 3201 propter
1202 3139 1292 3180 vere-

109 3220 279 3296 cundiam,
314 3219 400 3305 quod
434 3240 499 3282 non
531 3220 677 3283 exactius
710 3219 863 3284 videlicet
894 3220 972 3285 illud
1005 3221 1172 3299 beneficii,
1208 3223 1294 3307 quod

109 3323 190 3388 mihi
222 3324 423 3408 praestitisti,
460 3323 743 3388 emendicauerim:
788 3325 869 3390 adeo
904 3325 962 3388 tibi
995 3325 1124 3390 videtur
1163 3326 1292 3412 plaeere

109 3427 265 3492 nonnulla
286 3428 319 3490 in
340 3427 503 3513 poscendo
530 3427 688 3491 beneficio
712 3429 915 3494 confidentia.
960 3431 1011 3494 En
1042 3453 1104 3515 quo
1126 3449 1212 3495 nunc
1243 3433 1294 3496 ist-

110 3532 174 3596 hoc
203 3541 258 3596 tuo
289 3531 375 3596 facto
398 3532 549 3617 delapsus
580 3554 659 3595 sum.
704 3533 778 3596 Non
810 3534 904 3598 modo
938 3535 1038 3620 petiui
1067 3536 1292 3621 impudentius,

112 3636 172 3700 sed
202 3645 367 3700 assecutus
398 3639 494 3700 etiam
523 3637 641 3700 diutius
662 3658 775 3722 aequo
808 3637 941 3716 detinui,
977 3641 1125 3726 utrinque
1158 3641 1292 3706 fortasse

112 3741 310 3826 culpandus,
352 3764 426 3805 cum
459 3742 546 3827 quod
579 3743 612 3804 in
646 3741 859 3806 desiderando
892 3745 1119 3822 verecundior,
1161 3755 1229 3809 tum
1262 3748 1295 3809 in

111 3846 249 3910 fruendo
272 3846 487 3930 impudentior
513 3845 569 3910 fui.
613 3847 653 3910 In
681 3847 743 3912 hoc
773 3849 870 3931 igitur
899 3870 950 3911 me
980 3849 1039 3913 tibi
1068 3851 1226 3935 permitto,
1261 3859 1296 3914 ut

110 3951 220 4015 animo
242 3959 297 4013 tuo
320 3950 516 4035 obsequaris.
561 3951 746 4016 Ferendum
769 3962 817 4015 est
838 3952 924 4029 mihi,
949 3955 1004 4038 qui
1027 3975 1090 4018 non
1119 3955 1297 4018 considera-

109 4057 177 4120 tius
199 4057 354 4118 rationem
377 4055 476 4119 habui
499 4065 532 4118 et
554 4058 698 4120 concessi
720 4055 870 4120 beneficii
896 4066 928 4119 et
949 4059 1076 4121 autoris.
1111 4058 1185 4122 Non
1207 4058 1299 4123 latuit

107 4159 194 4226 illud
216 4162 358 4242 κοινὸβιον,
380 4159 435 4224 illa
456 4161 717 4246 inquam'rerum
740 4163 882 4228 omnium
899 4164 1087 4240 communio,
1113 4186 1195 4250 quae
1211 4166 1298 4250 apud

108 4287 174 4330 vos
205 4275 261 4328 est.
306 4264 380 4328 Non
409 4263 509 4343 latuit,
542 4255 628 4350 duod
657 4265 823 4350 publicum
852 4276 921 4330 erat
950 4289 988 4331 ac
1018 4269 1175 4332 uniuersis
1204 4269 1295 4333 vobis

158 4459 166 4492 ¹
187 4458 318 4509 Gerendus
337 4457 430 4507 Rivius
449 4457 487 4524 (in
505 4459 615 4525 Ltwen)
635 4460 670 4509 ist
687 4459 737 4508 wol
755 4459 836 4510 kaurn
855 4460 902 4509 der
920 4459 1053 4510 Gersrdus
1071 4459 1229 4527 Bibliopola,
1248 4462 1300 4511 den

185 4546 308 4596 Erasmus
336 4546 396 4611 (122
415 4564 440 4598 u.
462 4547 522 4612 130)
551 4547 676 4597 erwahnt.
692 4577 694 4582 ·
712 4547 758 4597 Ale
786 4547 896 4598 Dichter
923 4548 995 4597 hiitte
1023 4563 1051 4598 er
1077 4564 1130 4598 von
1157 4549 1299 4599 Hoffmann

185 4635 344 4700 Peerlkamp
362 4641 481 4700 genennt
500 4633 606 4685 werden
624 4633 740 4684 konnen.
1160 4656 1162 4660 ¹

158 4722 263 4771 ²Rirno
283 4722 322 4784 (so
340 4723 453 4790 immer).

1116 4807 1148 4858 3*
