3372 5768
408 495 451 556 46
568 559 570 565 Ι
631 528 635 535 -
928 510 1073 550 irorswitz.
1303 521 1307 532 ·
1501 499 1591 571 [tos]

404 687 528 753 rabitur
549 686 616 764 tibi,
640 709 698 771 pro
721 686 900 758 benefactis
920 707 1095 750 memorem
1110 696 1143 749 et
1157 695 1284 770 gratum
1299 684 1437 749 habebis
1453 707 1589 771 semper.

405 793 599 878 Quanquam
628 814 693 856 non
722 791 784 856 hoc
814 801 863 855 est
891 791 975 855 bene
998 793 1134 855 merenti
1158 791 1352 869 satisfacere,
1386 791 1445 856 sed
1466 801 1591 856 tantum

404 897 560 962 satisdare
583 907 616 960 et
637 896 727 961 velut
749 897 783 960 in
805 896 949 960 futurum
971 918 1097 960 cauere,
1120 896 1160 960 In
1182 897 1365 981 praesentia
1384 917 1475 960 meac
1491 897 1590 959 tenui-

403 1003 478 1067 tatis
507 1010 705 1088 praetextus,
738 1001 825 1085 quod
847 1002 892 1064 ait
913 1000 975 1077 ille,
999 1002 1032 1064 in
1055 1002 1181 1086 magnis
1203 1001 1255 1064 vel
1278 1000 1417 1064 uoluisse
1442 1009 1491 1064 sat
1512 1003 1589 1063 est¹

401 1105 452 1170 Ne
474 1115 583 1171 tamen
605 1127 836 1191 usquequaque
860 1115 892 1170 et
910 1106 1126 1190 undecunque
1142 1106 1255 1170 videar
1270 1103 1377 1188 ἄδωρος
1393 1127 1488 1190 opem
1502 1114 1589 1168 tuam

402 1213 586 1295 benigniter
608 1220 761 1296 expertus
784 1211 896 1296 accipe
920 1211 1096 1275 versiculos
1119 1233 1158 1275 ca
1180 1211 1294 1288 fronte,
1323 1232 1388 1295 qua
1410 1209 1492 1274 soles
1516 1211 1589 1273 ami-

333 1357 336 1363 ,
403 1338 513 1380 corum
545 1317 666 1381 omnia:
695 1317 823 1380 nomine
855 1317 1033 1380 communis
1063 1317 1229 1380 amiciciae
1259 1337 1324 1380 non
1358 1315 1587 1400 aspernandos

402 1421 462 1484 etsi
485 1420 658 1485 conditoris
681 1430 830 1484 naturam
851 1442 930 1506 prae
953 1443 986 1483 se
1010 1420 1124 1497 ferant,
1157 1442 1254 1505 quam
1276 1442 1318 1484 ne
1341 1443 1428 1484 nunc
1460 1419 1589 1505 quidem

402 1526 567 1590 retractati
588 1526 758 1610 recusique
780 1534 954 1609 potuenmt
976 1545 1105 1588 exuere.
1130 1525 1309 1590 Videbaris·
1327 1525 1413 1588 enim
1428 1523 1588 1610 prioribus

402 1629 546 1694 nonnihil
579 1630 719 1694 offensus
753 1629 794 1694 ob
828 1630 949 1716 pedum
983 1631 1157 1695 mixturam
1190 1652 1210 1694 a
1244 1632 1385 1694 carmine
1419 1629 1588 1714 phaleucio

401 1734 587 1799 alienorum.
633 1733 796 1800 Confiteor
832 1756 883 1798 me
920 1735 954 1799 id
990 1721 1050 1821 pro
1087 1736 1240 1820 temporis
1274 1735 1407 1811 ratione,
1447 1732 1589 1798 nonnihil

404 1841 632 1923 aetatepost-best
653 1862 718 1904 non
740 1832 869 1923 fugisse,
894 1840 952 1904 sed
975 1839 1211 1904 dissimulatum
1229 1841 1420 1904 auctoritate
1436 1848 1469 1902 et
1484 1859 1588 1901 exem·

402 1943 456 2030 plo
486 1943 604 2008 fretum
627 1943 743 2010 Catulli
775 1944 880 2032 (cuius
910 1967 1026 2031 poema
1055 1948 1135 2010 tanti
1165 1946 1243 2010 facit
1265 1945 1525 2030 Dispauterius,³
1553 1953 1587 2006 ut

402 2071 466 2113 non
501 2050 805 2134 reprehendendum
838 2060 942 2136 putet,
981 2053 1035 2136 qui
1068 2051 1154 2115 hunc
1193 2049 1357 2138 sequatur)
1396 2060 1429 2113 et
1461 2047 1586 2112 Marulli

400 2143 655 2232 Trachariotae,⁴
672 2156 726 2238 qui
745 2154 870 2220 iambos
887 2165 920 2218 et
935 2155 1102 2240 pirrichios
1122 2156 1242 2240 passim
1257 2147 1407 2231 miscent,
1425 2175 1505 2237 quos
1521 2162 1585 2216 tum

401 2256 537 2322 calidior
566 2258 716 2324 imitabar
742 2280 846 2344 neque
877 2281 964 2324 nunc
986 2259 1117 2345 quidem
1139 2260 1276 2336 vitarim,
1308 2260 1334 2321 si
1357 2267 1498 2333 occurat,
1531 2256 1585 2318 sed

401 2364 540 2448 parcius.
562 2362 608 2427 At
622 2386 709 2429 nunc
724 2367 837 2450 accipe
852 2364 1162 2450 hendecasyllabum
1175 2367 1392 2446 παλιγγέννητον
1408 2364 1455 2426 καὶ
1471 2364 1584 2440 ἀνασμί-

401 2469 515 2531 iseros:
541 2467 599 2531 sed
615 2469 700 2552 quod
716 2491 831 2534 vereor
846 2471 948 2553 magis
970 2491 1142 2554 personam
1164 2470 1295 2532 mutarit
1317 2489 1414 2552 quam
1429 2478 1582 2532 naturam.

713 2595 817 2656 Quaero
837 2594 901 2660 quid
919 2591 1032 2644 referam
1051 2609 1111 2644 meo
1129 2598 1250 2658 patrono,

711 2683 815 2743 Quaero
833 2680 987 2744 luminibus,
1006 2682 1094 2732 ferens
1111 2696 1158 2747 per
1176 2686 1266 2732 arctae

710 2767 860 2819 Lustrando
879 2768 1052 2818 domus⁸hinc
1071 2773 1098 2818 et
1115 2759 1178 2818 hinc
1196 2773 1314 2833 penates.

712 2856 818 2917 Quaero
837 2856 916 2906 corde
934 2854 1036 2918 videns,
1056 2854 1158 2906 nihilne
1176 2857 1259 2920 possit

710 2943 782 2992 Hinc
800 2944 861 2994 cudi
879 2943 937 3006 tibi,
956 2945 1071 2993 maxime
1089 2947 1207 3008 patrone.

709 3030 863 3082 Plorantem
881 3031 958 3096 fugat
975 3031 1026 3080 ah⁵
1043 3035 1170 3096 penatum
1189 3033 1301 3094 egestas,

710 3117 892 3183 Obprobrans:
911 3117 975 3180 ‚nill
992 3117 1082 3180 habes,
1100 3117 1171 3182 quod
1189 3116 1293 3166 obtueri

709 3205 798 3255 Possit
815 3204 953 3255 lauticiam
971 3203 1093 3270 laresque
1111 3205 1190 3254 amici

627 3293 628 3297 ’
710 3293 803 3354 Tanti3
822 3307 873 3342 nec
891 3293 1009 3358 proprias
1027 3290 1129 3342 reuelle
1147 3290 1251 3356 plumas

710 3379 877 3440 Quadrantes
895 3376 1013 3444 graculo,
1031 3382 1059 3428 at
1077 3393 1147 3445 pauo
1165 3378 1310 3444 pudendas,
1486 3377 1516 3424 10

709 3464 790 3516 Illum
808 3481 877 3516 neue
896 3479 990 3516 oneres
1008 3464 1087 3528 malo,
1106 3466 1249 3528 indecenti,

709 3553 847 3603 Ridendus
865 3554 960 3603 xenio‘.
979 3553 1054 3618 Rogo
1072 3556 1100 3603 et
1118 3568 1207 3602 meum
1225 3568 1271 3602 cor

442 3709 451 3742 ¹
469 3709 549 3775 Prop.
567 3708 644 3776 Eleg.
662 3710 697 3760 11.
719 3711 758 3772 10,
778 3710 806 3772 63
824 3707 878 3774 vgl.
897 3709 974 3759 Brief
991 3711 1031 3771 16,
1050 3725 1090 3758 wo
1109 3714 1137 3760 et
1154 3714 1219 3759 statt
1237 3707 1289 3758 vel.
1343 3709 1344 3714 ’

440 3795 451 3830 ²
469 3797 517 3847 Hs,
534 3792 715 3865 aotqrepcicrqa

440 3885 451 3920 ⁸
470 3885 540 3935 Jean
552 3885 718 3952 Despautdre
738 3884 802 3950 (van
816 3885 969 3950 Pauteren)‚
989 3887 1063 3936 einer
1075 3884 1122 3935 der
1134 3885 1335 3935 Reformatorcn
1354 3885 1401 3934 der
1412 3883 1586 3934 lateinischen

468 3971 636 4023 Grammatik
654 3972 700 4038 (ci.
719 3975 793 4024 scine
812 3973 1003 4023 commentarii
1020 3971 1208 4043 grammatici),
1226 3973 1297 4022 starb
1318 3973 1384 4020 1520
1403 3987 1436 4020 zu
1454 3970 1584 4022 Comines.

468 4058 509 4110 ct.
527 4058 603 4110 Neve
627 4058 645 4110 l.
664 4076 686 4112 c.
708 4062 747 4110 lo.
767 4062 824 4110 129.
844 4061 903 4109 292.
923 4060 1001 4110 aaaf.
1020 4060 1076 4110 und
1098 4059 1247 4124 Reichliug,
1265 4059 1327 4110 Joh.
1350 4058 1517 4110 Murmelliue
1544 4061 1585 4108 39.
1676 4059 1677 4090 ³

464 4150 528 4202 162.
547 4149 612 4198 Man
624 4153 709 4198 nennt
720 4147 767 4198 ihn
785 4148 838 4198 den
849 4148 1002 4198 Priscianus
1014 4146 1153 4212 Belgicus3
1172 4148 1206 4198 cf.
1218 4147 1287 4198 auch
1305 4148 1430 4213 Foppens
1447 4147 1481 4198 Π.
1501 4148 1549 4197 627
1559 4147 1586 4209 s,

469 4250 509 4284 wo
527 4236 602 4285 seine
619 4234 719 4284 Wsrke
738 4235 896 4301 angegeben
915 4234 982 4286 sind.

439 4321 598 4372 ⁴Marullus
616 4322 803 4384 Tarchaniota,
826 4322 885 4388 gob.
908 4338 942 4371 zu
960 4321 1190 4388 constantinopol,
1216 4323 1278 4372 kam
1304 4323 1370 4372 1453
1395 4322 1463 4372 nach
1482 4320 1586 4384 Italian,

467 4408 538 4470 lebte
556 4411 634 4460 meist
652 4412 681 4459 in
698 4408 820 4472 Florem,
839 4410 911 4460 starb
932 4410 1005 4459 1500.
1042 4409 1083 4459 cf.
1103 4409 1208 4476 Sauppe
1226 4410 1260 4460 de
1277 4411 1397 4460 Lucretii
1415 4410 1507 4461 codice
1526 4409 1584 4458 Vic-

467 4497 571 4546 toriana
589 4512 614 4560 p.
635 4499 675 4546 11.

441 4583 519 4634 ⁵Hs.
539 4583 597 4633 ach.

439 4669 514 4720 ⁸Hs.
533 4669 609 4723 nihil.
