3320 5742
378 565 418 629 88
896 582 1044 623 soranus.
1474 569 1576 642 [750]

378 759 456 844 quid
478 758 623 841 affectus,
655 757 733 844 quid
757 758 929 822 charitatis
953 779 1027 821 eum
1049 759 1083 822 in
1105 765 1147 835 te,
1178 765 1247 820 tum
1279 759 1312 821 in
1342 754 1574 820 honorabilem

376 862 474 945 illam,
505 865 557 927 cni
579 871 616 928 tu
637 861 801 947 praelatus
824 885 869 944 es,
903 863 1185 946 congregationem
1208 872 1240 925 et
1263 860 1432 926 habuerim
1457 869 1494 924 et
1517 861 1573 924 ha-

376 968 481 1033 beam.
526 967 677 1031 Indicare
706 967 804 1052 igitur
833 968 939 1030 visum
969 975 1027 1047 cst,
1059 965 1137 1051 quid
1167 987 1253 1030 nuno
1284 967 1406 1050 passim
1437 964 1481 1028 de
1514 973 1573 1028 tua

376 1074 569 1158 paternitate
592 1071 729 1136 Louanii
752 1071 883 1148 feratur,
915 1072 1012 1134 etiam
1034 1093 1054 1134 a
1075 1071 1154 1134 viris
1177 1070 1297 1157 probis,
1329 1071 1384 1155 qui
1407 1069 1468 1134 tibi
1495 1072 1572 1134 tuis-

377 1199 439 1263 que
462 1178 581 1262 cptime
612 1177 754 1261 cupiunt.
799 1176 943 1240 Narrant
973 1197 1007 1238 se
1030 1173 1170 1257 audisse,
1201 1174 1287 1260 quod
1316 1175 1380 1238 tuis
1410 1174 1572 1240 fratribus

377 1282 436 1347 sub
459 1283 635 1346 refectione
664 1281 794 1345 iusseris
824 1281 888 1366 legi
919 1279 1118 1366 opusculum,
1149 1301 1191 1343 ne
1222 1278 1308 1364 quid
1330 1278 1418 1343 aliud
1446 1279 1569 1356 dicam,

377 1397 463 1452 certe
487 1387 660 1452 obscurum
674 1385 853 1451 ·Godefridi
875 1386 966 1448 Rusii
988 1385 1164 1462 Taxandri,
1198 1405 1260 1470 quo
1290 1384 1509 1449 insulsissime
1541 1395 1572 1450 et
1643 1409 1644 1430 ³

375 1493 471 1578 plane
495 1491 670 1556 scurriliter
692 1499 784 1554 taxat
806 1490 1002 1554 Erasmum.¹
1049 1487 1195 1555 Libellus
1210 1488 1264 1558 hic
1279 1489 1358 1554 nulli
1381 1488 1480 1554 docto
1498 1513 1569 1575 pro-

377 1596 482 1678 batur,
512 1597 633 1660 nemini
664 1593 796 1660 cordato
826 1594 934 1680 placet
965 1603 997 1658 et
1028 1596 1125 1658 etiam
1160 1592 1261 1680 (quod
1283 1601 1392 1658 tamen
1415 1593 1570 1659 mirabile

379 1702 440 1787 est)
476 1701 557 1766 adeo
580 1702 642 1786 ipsi
664 1699 787 1765 sorduit
817 1702 929 1781 autori,
963 1708 998 1763 ut
1027 1721 1121 1764 suum
1143 1701 1243 1784 ipsius
1264 1720 1382 1763 nomen
1405 1699 1451 1764 illi
1474 1722 1569 1784 prae·

376 1805 477 1889 figere
499 1804 670 1890 indignum
693 1805 825 1870 duxerit
846 1804 1002 1889 tituloque
1024 1806 1071 1868 uti
1093 1805 1231 1868 uoluerit
1245 1803 1367 1868 fictitio.
1393 1803 1569 1869 Demiran-

376 1919 428 1975 tur
449 1912 567 1996 itaque,
593 1933 651 1974 eur
673 1909 755 1975 adeo
777 1909 838 1974 tibi
860 1909 1050 1995 opusculum
1072 1908 1151 1974 illud
1168 1910 1318 1985 arriserit,
1342 1917 1378 1972 ut
1401 1931 1463 1974 ceu
1487 1910 1570 1974 diui-

375 2036 453 2079 num
476 2015 642 2100 quippiam
665 2015 698 2077 in
722 2035 756 2078 se
780 2015 947 2077 continens
970 2013 1032 2076 tuis
1056 2011 1193 2077 subditis
1216 2012 1280 2098 legi
1303 2013 1453 2077 volueris.
1490 2013 1570 2094 Qui·

376 2119 451 2184 dam
475 2141 517 2183 ex
539 2118 589 2182 his
610 2127 643 2183 te
666 2127 755 2183 tanto
778 2118 917 2202 flagrare
940 2118 1104 2183 affirmant
1126 2117 1253 2182 Erasmi
1277 2118 1358 2194 odic,
1389 2127 1424 2182 ut
1446 2117 1489 2182 de
1515 2119 1570 2183 illo

375 2223 460 2288 bene
482 2223 569 2309 loqui
592 2245 656 2288 non
679 2225 792 2309 possis.
833 2223 986 2288 Nonnulli
1009 2223 1129 2288 dente²
1150 2230 1285 2288 utuntur
1306 2222 1464 2288 dicentes:
1490 2222 1571 2304 ,Sic-

376 2330 446 2393 cine
480 2337 573 2414 pater
602 2327 656 2393 ille
686 2350 761 2392 suos
792 2329 896 2413 pascit
926 2327 1016 2408 filios,
1051 2350 1110 2413 pro
1141 2326 1258 2413 quibus
1290 2326 1436 2392 Christus
1470 2351 1570 2392 suum

376 2434 565 2518 sanguinem
589 2432 694 2498 fudit?
739 2433 885 2498 Hoccine
908 2431 1027 2518 pabulo
1050 2440 1160 2517 pastor
1182 2431 1235 2496 ille
1252 2454 1326 2496 suas
1349 2433 1476 2516 saginat
1502 2433 1568 2496 oui·

376 2537 475 2615 culas,
499 2560 558 2623 pro
581 2536 699 2622 quibus
730 2538 868 2624 principi
898 2545 1066 2622 pastorum
1088 2536 1274 2601 redditurus
1301 2536 1356 2601 est
1379 2538 1568 2601 rationem?

377 2641 504 2707 Illudne
527 2649 576 2705 est
599 2641 651 2706 dei
674 2641 821 2719 verbum,
853 2641 940 2727 quod
964 2662 1037 2705 suos
1060 2641 1177 2705 fratres
1200 2642 1322 2705 esurire
1353 2640 1501 2706 hortatur
1535 2644 1567 2705 in

376 2769 435 2812 sua
461 2745 576 2831 regula
597 2744 820 2830 Augustinus?
865 2745 932 2810 Our
964 2769 1029 2811 non
1064 2745 1173 2811 horret
1202 2746 1359 2811 eiusmodi
1388 2747 1511 2811 insanis
1536 2747 1569 2810 li·

376 2851 469 2917 bellis
503 2852 696 2936 simplicium
729 2851 865 2916 fratrum
900 2873 1029 2917 suorum
1063 2851 1195 2916 inficere
1229 2851 1375 2916 animos?
1419 2850 1449 2916 Ο
1485 2851 1569 2916 felix

377 2955 556 3042 collegium,
582 2958 633 3020 cui
656 2955 838 3022 huiusmodi
862 2958 995 3042 contigit
1017 2955 1206 3042 praelatusl‘
1250 2955 1342 3021 Haec
1358 2965 1390 3020 et
1405 2956 1468 3021 alia
1489 2979 1569 3021 non-

375 3061 473 3143 nulla,
505 3083 588 3147 quae
617 3083 788 3126 recensere
818 3061 937 3139 taedet,
968 3064 1001 3125 in
1025 3072 1056 3126 te
1087 3071 1287 3148 torquentur,
1317 3071 1412 3148 pater
1432 3083 1568 3127 venera·

375 3165 460 3248 bilis,
483 3188 547 3230 non
572 3168 640 3230 sine
662 3187 734 3230 meo
758 3166 876 3232 dolore.
923 3165 989 3231 Sed
1013 3167 1092 3252 quid
1107 3168 1176 3230 istis
1192 3187 1352 3253 opponam
1368 3189 1433 3230 non
1448 3166 1565 3232 habeo.

376 3271 519 3353 Interim,
552 3269 638 3357 quod
665 3293 765 3335 unum
789 3270 893 3353 datur,
924 3273 1062 3357 optarim
1084 3281 1116 3335 te
1139 3280 1264 3336 mutare
1296 3272 1449 3336 animum.
1494 3273 1568 3338 Iam

375 3375 537 3462 pontificis
559 3375 718 3440 Rhomani
745 3377 915 3440 autoritate
946 3377 1127 3440 iniunctum
1157 3385 1207 3440 est
1236 3375 1398 3440 silentium
1429 3378 1477 3453 iis,
1510 3380 1567 3463 qui

375 3481 514 3546 Louanii
544 3482 577 3544 in
600 3481 706 3544 virum
740 3479 830 3544 illum
859 3482 927 3545 sinc
957 3479 1022 3544 fine
1054 3479 1249 3545 debacchari
1280 3479 1392 3544 solent.
1440 3479 1566 3546 Sinon

375 3586 426 3650 vis
449 3585 569 3662 fauere,
601 3607 655 3650 oro
679 3593 714 3649 ut
736 3584 777 3649 ob
808 3585 915 3650 famae
938 3595 1013 3650 tuae
1043 3606 1186 3650 amorem
1217 3584 1329 3672 (quam
1359 3585 1474 3670 procul
1507 3587 1565 3651 du-

376 3690 430 3755 bio
453 3691 694 3775 integerrimam
718 3711 789 3754 esse
812 3689 918 3776 cupis)
943 3689 1131 3775 obstrepere
1162 3689 1290 3754 desinas
1320 3712 1382 3754 nec
1413 3689 1565 3754 diuersae

376 3795 459 3878 parti
482 3802 514 3857 te
536 3796 659 3878 iungas,
685 3794 743 3858 sed
765 3796 872 3880 potius
894 3792 1049 3858 neutralis
1072 3815 1143 3858 esse
1166 3794 1276 3880 eligas.
1308 3795 1354 3859 Ut
1376 3795 1448 3879 ipse
1470 3797 1563 3872 nosti,

419 3972 426 4004 ¹
448 3970 539 4021 Ueber
557 3971 698 4021 Toxander
716 3970 771 4020 und
788 3971 889 4020 Lowen
907 3970 1018 4020 urtheilt
1029 3971 1155 4020 Erasmus
1175 3971 1232 4035 (111.
1245 3969 1306 4035 886)
1326 3972 1367 4020 28.
1380 3971 1484 4037 August
1498 3973 1563 4021 1525

445 4058 505 4108 sehr
532 4060 690 4124 ungttnstig3
722 4075 747 4108 u.
767 4058 811 4108 Aa
838 4059 954 4109 Louanii
981 4058 1199 4109 sceleratissimus
1226 4057 1303 4108 nidus
1331 4062 1371 4108 est
1398 4058 1563 4124 quorundam

446 4145 684 4195 Dominicanorum
705 4181 973 4196 ..............
992 4145 1071 4195 Nunc
1089 4145 1197 4195 tandem
1210 4146 1276 4196 exiit
1287 4144 1363 4207 liber,
1382 4161 1435 4212 qno
1448 4145 1486 4195 nil
1498 4145 1562 4211 fingi

446 4236 534 4297 potest
560 4232 698 4282 barbarius
724 4231 859 4295 insulsius,
885 4233 1020 4284 indoctius
1042 4232 1205 4296 mendacius,
1232 4233 1413 4298 impudentius
1436 4233 1561 4284 insanius.

445 4321 475 4369 In
494 4335 525 4370 eo
544 4319 692 4369 laboratum
712 4324 753 4370 est
769 4336 787 4371 a
805 4325 926 4386 quatuor.
963 4321 1122 4371 Vincentius
1139 4319 1243 4370 addidit
1260 4333 1309 4370 sua
1326 4334 1446 4370 uenena:
1465 4319 1561 4370 Corne

445 4406 499 4457 lius
516 4406 680 4457 quclandns
706 4406 767 4464 (soll
784 4407 890 4458 heissen
917 4406 1104 4473 Duuelandns')
1132 4408 1229 4458 bonam
1257 4421 1364 4474 operam
1392 4408 1474 4473 partis
1501 4405 1562 4470 (soll

446 4495 550 4544 heissen
569 4495 655 4560 operis
667 4493 781 4560 partem)
801 4495 928 4545 confecit:
947 4496 1054 4546 Tertius
1071 4493 1180 4560 quidam
1194 4493 1332 4560 expolinit,
1350 4493 1448 4544 additis
1460 4493 1562 4558 aliquot

445 4581 568 4632 flosculis.
604 4581 763 4633 Godefiidus
786 4582 927 4633 Toxander
950 4583 1049 4633 famam
1072 4583 1159 4648 operis
1180 4583 1209 4631 in
1233 4597 1261 4632 se
1288 4581 1396 4647 recepit.
1433 4580 1474 4630 Ad
1491 4580 1560 4630 haec

443 4670 588 4720 conniusnt
606 4668 735 4735 Theologi
753 4669 945 4721 Louaniensas.
985 4687 988 4694 ·

416 4754 427 4790 ²
445 4754 530 4806 Sollte
547 4762 617 4806 etwa
634 4755 767 4806 maleuolo
785 4755 953 4820 ausgefallsn
970 4757 1046 4808 sein?
