3320 5742
114 575 212 649 [741]
420 587 521 627 Erasmus
534 599 575 627 rou
590 587 713 629 Rotterdam
727 587 771 628 und
785 587 891 628 Martinus
905 585 999 635 Lipsius.
1269 571 1309 634 79

113 768 260 828 1111111.1
305 762 433 826 Deinde
464 762 550 846 quod
573 762 684 826 illicita
706 771 738 825 et
760 764 940 846 perniciosa
962 762 1104 826 suadens
1126 766 1160 826 in
1183 765 1308 826 ruinam

116 869 261 932 consiliis
277 871 357 932 meis
372 871 478 931 uirum
493 867 684 952 impulerim.
723 867 889 930 Postremo
910 889 1103 932 eonsensum
1122 871 1155 932 in
1172 868 1309 934 eandem

115 974 293 1037 factionem
316 982 349 1035 et
371 972 510 1036 eundem
533 993 650 1036 111111
673 973 789 1035 mentis
813 993 962 1036 errorem.
1008 971 1061 1036 Ad
1092 971 1172 1037 haec
1200 976 1309 1058 itaque

116 1078 274 1142 diluenda
295 1099 354 1163 pro
377 1077 460 1169 virili
482 1080 547 1142 iam
570 1080 787 1160 accingamur.

224 1183 327 1246 Nemo
350 1191 416 1246 tam
440 1191 489 1245 est
510 1184 678 1266 imperitus
701 1180 771 1267 (qui
794 1182 926 1268 quidem
948 1183 1029 1246 ullas
1052 1185 1180 1248 omnino
1200 1183 1309 1249 literas

116 1288 172 1352 vel
202 1290 354 1352 extremis
385 1287 494 1371 digitis
524 1287 689 1373 attigerit),
721 1296 758 1350 ut
784 1291 916 1364 nesciat,
949 1290 1039 1352 cuius
1067 1291 1113 1353 rei
1139 1293 1243 1372 gratia
1265 1291 1309 1353 in·

116 1404 254 1458 uentum
276 1393 401 1458 sithoc
428 1395 539 1478 scripti
569 1415 680 1476 genus,
712 1393 799 1478 quod
825 1393 1031 1477 epistolarum
1058 1415 1174 1458 nomen
1201 1394 1308 1459 habet.

117 1498 247 1584 Nempe
270 1507 306 1561 ut
328 1498 479 1562 absentes
503 1499 655 1561 certiores
678 1497 867 1574 faceremus,
893 1501 919 1562 si
942 1498 1019 1582 quid
1037 1509 1129 1575 esset,
1155 1500 1241 1582 quod
1256 1521 1310 1563 eos

118 1606 204 1666 scire
226 1613 282 1667 aut
303 1605 447 1688 ipsorum
469 1610 525 1666 aut
548 1611 656 1666 nostra
679 1623 873 1688 magnopere
897 1605 1066 1666 interesset
1085 1613 1183 1687 utque
1199 1603 1311 1688 procul

118 1731 142 1772 a
163 1707 256 1772 nobis
278 1706 465 1791 degentium
485 1709 662 1769 amicorum
678 1704 874 1770 desiderium
897 1705 1062 1772 literarum
1089 1708 1311 1772 vicissitudine

117 1812 303 1876 leniremus.
350 1810 424 1891 Qua
446 1811 594 1888 efficitur,
619 1821 654 1874 ut
676 1813 734 1874 vix
756 1811 871 1876 abesse
888 1814 1009 1876 amicos
1025 1815 1209 1889 sentiamus,
1234 1813 1311 1878 dum

121 1939 220 2002 quam
243 1919 430 2001 saepissime
453 1937 512 2001 per
533 1915 642 1978 literas
659 1937 734 1980 cum
749 1915 939 1980 absentibus
956 1926 1120 2002 tamquam
1137 1925 1312 2002 praesenti·

118 2021 183 2086 bus
206 2043 384 2085 sermonem
408 2023 582 2084 miscernus
605 2030 637 2084 et
659 2019 858 2084 familiariter
874 2043 912 2084 11
928 2022 1068 2086 iucunde
1085 2023 1311 2088 communibus

119 2125 162 2190 de
185 2125 282 2190 rebus
305 2135 490 2189 1111111111.
535 2125 627 2188 Η111
650 2145 725 2188 oum
749 2126 810 2208 ipsi
834 2147 961 2209 quoque
984 2129 1029 2189 ita
1052 2148 1122 2190 esse
1146 2127 1312 2192 11111111-

120 2253 212 2296 cesse
227 2229 377 2307 habeant,
402 2230 576 2295 obscurum
599 2251 669 2294 esse
692 2231 812 2294 nemini
834 2239 947 2314 potest,
979 2253 1077 2315 quam
1096 2231 1190 2315 longe
1213 2254 1312 2296 moro·

120 2338 200 2400 sitas
223 2337 325 2398 omnis
341 2345 373 2398 et
389 2335 475 2398 frons
492 2337 592 2398 stoica
607 2333 649 2398 ab
673 2333 807 2418 epistola
830 2332 945 2398 abesse
968 2334 1094 2413 debeat,
1123 2339 1312 2421 praesertim

120 2461 204 2526 quae
235 2439 277 2504 ad
308 2441 510 2524 superiorem,
533 2439 586 2502 vel
616 2438 658 2503 ad
687 2460 798 2524 parem
830 2438 986 2523 dignitate
1022 2440 1182 2508 scribitur.
1227 2442 1312 2506 Nam

120 2565 318 2630 quamquam
341 2543 401 2608 hoc
424 2546 459 2608 in
480 2565 597 2628 genere
621 2541 869 2620 exhortationes,
901 2546 1090 2609 monitiones
1122 2555 1312 2630 caeteraque

120 2649 155 2713 id
179 2671 282 2733 genus
305 2671 401 2734 saepe
425 2671 558 2714 numero
581 2671 643 2712 usu
665 2649 805 2726 veniant,
837 2669 995 2715 1111111
1018 2661 1125 2714 tamen
1148 2651 1313 2716 hominum

120 2765 251 2840 praeter
274 2754 427 2819 decorum
459 2757 566 2818 omnia
597 2753 784 2818 facientium
812 2753 908 2839 culpa
937 2777 1052 2840 parum
1075 2779 1118 2820 ex
1141 2779 1177 2820 eo
1201 2758 1312 2841 scripti

120 2881 241 2944 genere
264 2860 389 2924 fructus
412 2869 509 2945 atque
533 2861 737 2926 emolumenti
761 2863 909 2927 refertur.
954 2862 1008 2926 Fit
1024 2864 1109 2926 enim
1125 2864 1312 2945 nescioquo

120 2976 219 3052 pacto
241 2965 381 3030 humano
404 2986 501 3042 more,
524 2976 561 3029 ut
582 2987 645 3030 non
660 2966 755 3031 modo
770 2969 975 3032 autoritatem
990 2967 1106 3051 perdat
1121 2968 1230 3043 oratio,
1255 2967 1313 3032 sed

121 3071 266 3156 grauiter
288 3071 385 3136 etiam
408 3070 558 3148 offendat,
582 3073 644 3134 nisi
666 3072 802 3136 artificio
825 3071 965 3157 quodam
987 3072 1228 3136 tractandorum
1248 3073 1313 3136 ani·

121 3196 248 3240 morum
271 3184 304 3238 et
325 3175 467 3239 oratione
490 3175 531 3239 ad
554 3174 719 3240 hominum
735 3189 848 3240 sensus
863 3178 1011 3261 apposita
1026 3198 1095 3240 rem
1110 3176 1311 3260 aggrediare.

122 3279 233 3360 Quare
257 3278 444 3344 calumniari
469 3280 625 3358 desinant,
659 3280 744 3366 quod
768 3281 913 3358 ciuiliter,
946 3281 1033 3367 quod
1060 3281 1259 3346 familiariter
1282 3291 1314 3344 11

121 3385 226 3449 amice
257 3385 451 3469 scripserim.
498 3383 580 3450 Cum
611 3386 696 3450 enim
728 3395 766 3448 et'
789 3407 884 3470 prora
914 3395 947 3450 11
972 3387 1092 3470 puppis
1118 3395 1154 3448 ut
1177 3385 1313 3450 dicitur²

122 3488 288 3554 scribendi
317 3488 396 3554 mihi
425 3498 511 3554 esset
540 3512 669 3554 monere
701 3491 842 3554 amioum
872 3499 905 3554 et
935 3491 961 3554 si
989 3511 1116 3574 possem
1140 3489 1181 3554 ab
1206 3511 1312 3554 errore

122 3615 286 3672 reuocare,
318 3615 415 3678 quam
437 3595 525 3658 uiam
548 3603 658 3658 tenere
682 3593 781 3660 debui
803 3597 919 3678 potius,
951 3616 1048 3679 quam
1076 3617 1140 3678 qua
1161 3594 1313 3659 facillime

122 3699 166 3762 ad
198 3719 332 3784 scopum
363 3699 558 3764 destinatum
588 3721 640 3762 me
667 3708 899 3783 peruenttnum
927 3699 1111 3784 sperarem?
1147 3697 1312 3780 Conuiuis,

122 3802 350 3868 maledicentia
373 3813 405 3868 11
427 3804 553 3868 furiosis
584 3802 778 3869 clamoribus
801 3813 958 3889 quantum
980 3803 1199 3888 proficeretur,
1223 3825 1313 3888 prae-

123 3929 199 3972 sens
221 3930 272 3972 me
295 3931 402 3974 rerum
425 3918 527 3974 status
551 3907 698 3973 docebat.
744 3908 893 3973 Metuens
916 3910 1034 3992 itaque,
1062 3931 1102 3972 ne
1126 3908 1168 3974 ab
1191 3910 1258 3972 acri
1282 3918 1314 3972 et

123 4014 268 4078 mordaci
290 4012 466 4098 pharmaco
489 4015 564 4077 viri·
581 4014 665 4077 illius
696 4015 822 4077 animus
852 4014 956 4098 prima
985 4013 1088 4078 fronte
1116 4013 1253 4076 resiliret
1275 4036 1314 4078 ac

124 4119 172 4181 sic
203 4118 282 4183 mihi
311 4121 431 4203 periret
461 4129 493 4184 et
521 4118 625 4184 oleum
656 4129 688 4182 et
719 4139 825 4203 opera,
857 4140 921 4182 non
952 4117 993 4182 ab
1025 4141 1059 4182 re
1086 4118 1129 4182 ad
1151 4117 1240 4182 aliud
1262 4141 1314 4182 me

123 4221 228 4285 lenius
250 4222 430 4286 remedium
453 4223 581 4301 contuli,
611 4226 696 4308 quo³
719 4223 921 4288 conniuendo
944 4223 985 4287 ad
1009 4222 1177 4308 quaedam,
1208 4222 1315 4286 dando

123 4325 277 4391 nonnulla
298 4326 382 4391 illius
405 4329 547 4406 auribus,
572 4337 692 4392 tentato
715 4336 812 4413 atque
836 4327 1001 4413 explorato
1024 4330 1089 4392 1111
1112 4330 1218 4392 animo
1234 4329 1313 4404 eius,

125 4453 200 4495 cum
223 4453 285 4516 quo
308 4431 385 4496 mihi
408 4454 460 4496 res
483 4442 560 4510 erat,
594 4432 794 4516 pedetentim
817 4431 860 4496 ad
883 4433 1042 4496 saniorem
1065 4431 1146 4496 forte
1174 4443 1314 4496 mentem

168 4594 174 4625 ¹
194 4592 267 4641 Pers.
286 4591 334 4640 nr.
353 4592 395 4639 so.

166 4676 249 4727 111.
268 4677 302 4727 au
320 4677 382 4727 fam.
401 4677 473 4726 111.
493 4678 534 4740 er,
557 4680 578 4725 1.

167 4765 224 4814 ³in
242 4781 304 4844 quo.
