3372 5768
358 500 400 564 58
877 515 1023 556 Horruits.

357 693 455 758 aedes
478 694 588 756 venire
612 691 751 757 vacabit.
775 690 806 754 A
829 691 962 754 meridie
986 691 1073 754 circa
1096 688 1272 752 secundam
1287 687 1401 751 horam
1416 696 1543 770 tempus

358 800 418 862 erit
447 797 525 861 mihi
553 806 755 882 oportunum,
787 795 874 880 quod
896 805 1004 858 tamen
1026 794 1203 879 anticipare
1226 792 1279 856 vel
1302 790 1463 876 protelare
1484 812 1544 874 pro

357 913 412 966 tuo
434 902 591 966 arbitratu
613 902 741 987 poteris.
787 901 888 964 Recte
910 898 1026 963 valeto.

459 1025 515 1076 Aua
534 1025 593 1075 dem
613 1024 677 1087 Cod.
696 1024 762 1075 Hor.
780 1023 811 1074 A.
830 1041 855 1088 p.
876 1025 916 1074 79.

864 1247 1043 1313 XXXVII.

627 1451 704 1505 Des.
728 1451 895 1506 Erasmus
919 1448 1073 1506 Martino
1097 1462 1160 1504 suo
1184 1449 1214 1503 S.
1239 1448 1277 1502 D.

462 1633 527 1698 Oro
551 1644 591 1711 te,
615 1635 660 1697 mi
682 1634 830 1711 Martine,
854 1655 895 1697 ne
919 1632 997 1719 quid
1021 1655 1108 1697 seras
1131 1632 1256 1696 dissidii
1278 1633 1362 1695 inter
1380 1631 1547 1694 Nesenum

360 1749 393 1802 et
407 1739 448 1802 N.
473 1739 549 1802 Sine
569 1729 628 1802 ‘eos
650 1747 822 1823 utrumque
845 1739 966 1802 amicos
988 1759 1060 1800 esse
1082 1759 1166 1800 neue
1189 1745 1220 1798 te
1243 1735 1341 1799 rebus
1363 1734 1548 1798 huiusmodi

359 1843 547 1909 admisceas.
586 1843 725 1906 Veniam
755 1842 798 1906 ad
827 1851 868 1920 te,
901 1843 927 1904 si
949 1841 1028 1905 nihil
1049 1840 1137 1905 aliud
1159 1839 1318 1903 inciderit.
1365 1839 1547 1913 Caeterum,

359 1949 385 2012 si
408 1946 486 2032 quid
509 1948 550 2010 sit
572 1948 691 2024 arcani,
716 1946 802 2030 quod
825 1945 867 2010 ad
890 1968 940 2009 me
956 1947 1105 2030 pertinet,
1129 1966 1170 2008 ne
1186 1945 1368 2008 committas
1384 1945 1546 2028 cuiquam,

359 2050 416 2113 sed
440 2051 563 2115 scribas
585 2074 644 2137 per
666 2051 762 2114 hunc.
808 2051 897 2114 Bene
922 2050 994 2114 vale
1018 2060 1050 2114 et
1072 2072 1131 2113 nos
1153 2072 1234 2113 ama.

461 2175 516 2224 Aus
534 2174 594 2224 dem
614 2174 678 2225 Ood.
698 2175 762 2224 Hor.
781 2173 812 2224 A.
831 2191 856 2238 p.
876 2176 915 2224 79.

856 2398 1052 2463 XXXVIII.

469 2599 638 2666 Philippo
662 2599 843 2665 Brugansi,
866 2599 997 2655 artium
1020 2599 1224 2656 liberalium
1246 2598 1437 2667 professori

589 2703 828 2759 eruditissimo
852 2703 1027 2759 MartInus
1051 2704 1206 2772 Lypsius
1230 2705 1260 2760 S.
1285 2705 1323 2760 D.

464 2886 620 2973 Optarem
643 2887 803 2972 equidem,
833 2890 883 2952 vir
905 2888 1142 2964 humanissime,
1175 2887 1234 2953 tibi
1261 2887 1551 2971 gratificari;,nam

361 2992 595 3057 beneficentiae
618 3001 692 3056 tuae
715 2994 882 3058 immemor
905 3015 975 3056 esse
998 3014 1133 3078 nequeo
1158 2992 1203 3057 At
1226 2994 1301 3078 quia
1324 2992 1460 3056 facultas
1484 3015 1552 3056 non

360 3097 454 3161 adest
476 3097 671 3183 praestandi,
696 3096 782 3181 quod
805 3096 888 3175 volo,
912 3120 972 3182 par
995 3108 1052 3174 est,
1076 3107 1111 3160 ut
1125 3106 1287 3182 praestem
1304 3096 1390 3183 quod
1405 3119 1550 3183 possum.

363 3201 456 3265 Mitto
486 3203 594 3286 itaque
625 3210 853 3265 testamentum
883 3200 944 3265 hoc
975 3202 1059 3265 inter
1091 3200 1227 3265 schedas
1249 3211 1374 3265 nostras
1397 3201 1480 3265 forte
1502 3223 1551 3264 re-

363 3314 501 3391 pertum.
546 3306 586 3369 Id
609 3328 682 3370 cum
705 3306 872 3391 antiquum
896 3307 945 3384 sit,
975 3308 1001 3369 si
1023 3307 1082 3370 tibi
1105 3329 1224 3370 nouum
1247 3305 1345 3370 fuerit
1367 3316 1463 3391 atque
1488 3305 1550 3369 hoc

361 3412 489 3474 nomine
510 3410 677 3495 placuerit,
701 3410 839 3474 feliciter
861 3411 940 3474 mihi
962 3410 1116 3474 ceciderit
1138 3413 1223 3475 iacta
1245 3411 1329 3475 alea:
1358 3412 1406 3490 sin
1429 3410 1551 3475 alicubi

361 3514 498 3579 fortasse
522 3516 624 3579 simile
649 3515 757 3580 vidisti
780 3524 813 3579 et
836 3516 877 3580 oh
900 3515 934 3579 id
956 3515 1044 3600 apud
1066 3524 1097 3578 te
1120 3517 1272 3580 nouitatis
1294 3517 1398 3600 gratia
1429 3525 1549 3592 careat,

361 3619 439 3682 nihil
467 3618 650 3683 detrimenti
682 3642 724 3683 ex
754 3642 825 3683 meo
857 3641 964 3684 errore
994 3641 1108 3704 passus
1131 3619 1238 3683 fueris.
1272 3618 1444 3684 Caeterum
1468 3623 1550 3683 site

362 3725 446 3801 noui,
486 3746 589 3809 aequo
626 3727 767 3811 accipies
804 3727 911 3789 animo
948 3724 1085 3789 alterum
1122 3724 1183 3789 hoc
1220 3725 1384 3788 tenuitatis
1420 3735 1550 3789 nostrae

360 3828 595 3907 munusculum,
621 3851 683 3914 quo
705 3828 789 3894 male
813 3829 972 3913 digerenti
995 3829 1159 3894 stomacho
1175 3831 1339 3914 utcunque
1357 3831 1549 3894 succinitur.

362 3933 434 3996 Hoc
463 3943 566 4018 ,pacto
600 3936 706 3999 visum
739 3944 788 3998 est
821 3935 983 4019 auspicari
1016 3936 1093 3999 noui
1108 4005 1111 4016 1
1126 3934 1220 3998 huius
1254 3935 1330 3998 anni
1363 3935 1549 4019 primordia.

363 4036 518 4122 Superest
540 4048 657 4114 autem,
682 4048 717 4103 ut
739 4060 909 4124 precemm·
926 4037 1088 4119 Christum
1112 4041 1213 4103 omnis
1236 4039 1314 4103 boni
1336 4048 1492 4117 autorem,
1514 4047 1551 4101 ut

362 4142 488 4226 utrique
520 4145 664 4210 nestrum
693 4143 773 4209 velit
803 4166 873 4207 esse
903 4166 1102 4230 prosperum,
1148 4145 1237 4208 Bene
1261 4143 1343 4221 vale,
1374 4145 1551 4208 amicorum

364 4244 599 4311 candidissime.
623 4248 676 4311 Ex
699 4247 833 4332 collegio
857 4248 1093 4313 Canonicorum
1115 4248 1369 4312 Martinensium.

466 4372 521 4422 Aus
540 4372 600 4421 dem
619 4373 682 4424 Cod.
702 4374 766 4423 Hor.
786 4374 816 4424 A.
836 4391 862 4437 p.
881 4375 922 4422 80.
