3320 5742
395 553 437 616 90
698 606 701 611 ,
918 567 1065 608 aorasia.
1493 556 1584 630 [752]

394 743 550 809 hactenus
573 748 770 828 paucorum¹
795 764 893 806 verae
916 743 1095 828 doctaeque
1114 744 1244 828 pietatis
1265 751 1463 807 sectatorum
1486 765 1582 820 amor,

395 870 492 934 quam
515 860 551 912 ut
573 849 763 934 importunis
778 846 891 912 horum
907 846 1180 933 sycophantarum
1195 847 1456 912 blatteramentis
1473 849 1584 911 ceden-

396 952 472 1017 dum
496 953 655 1018 duxerim.
701 953 811 1038 Atque
835 955 958 1017 utinam
980 953 1033 1016 hic
1056 954 1192 1034 animus,
1221 953 1324 1017 donec
1348 955 1474 1038 spirare
1497 953 1584 1017 dabi—

394 1067 454 1136 tur,
478 1060 512 1122 in
527 1080 579 1122 me
594 1057 748 1144 perduret
764 1061 984 1122 inconcussus.
1023 1055 1157 1122 Confido
1172 1067 1204 1120 te
1219 1079 1453 1144 nonnunquam
1469 1059 1584 1122 anima·

394 1173 503 1230 turum
534 1185 641 1229 meam
671 1162 974 1248 pusillanimitatem,
1007 1185 1070 1248 quo
1100 1162 1143 1228 ad
1172 1163 1269 1227 finem
1299 1185 1404 1248 usque
1436 1174 1583 1228 constans

394 1289 611 1355 perseuerem.
656 1268 766 1332 Patior
796 1267 849 1332 hic
880 1267 1042 1332 aemulum
1072 1270 1365 1354 pertinacissimum
1394 1269 1436 1333 N.
1459 1269 1517 1334 W.
1537 1268 1581 1344 L.

395 1395 492 1459 quem
520 1375 614 1438 nosti.
660 1373 693 1436 Is
724 1373 770 1436 sic
801 1371 919 1452 deiicit,
952 1374 998 1436 sio
1028 1372 1146 1454 horret,
1178 1375 1224 1437 rio
1255 1383 1429 1438 execratur
1460 1374 1583 1438 Erasini

394 1480 524 1564 scripta,
559 1487 596 1541 ut
625 1476 735 1542 verbis
770 1478 909 1562 exprimi
944 1485 1091 1562 nequeat.
1137 1477 1352 1542 Intolerabilis
1383 1480 1414 1542 ei
1445 1487 1499 1542 est
1529 1479 1583 1540 viri

394 1581 479 1646 illius
502 1581 643 1660 libertas,
669 1603 751 1666 quae
775 1603 832 1645 sua
855 1583 1012 1646 sententia
1034 1582 1079 1646 nil
1101 1581 1190 1646 aliud
1210 1593 1259 1646 est
1274 1605 1371 1668 qnam
1387 1583 1582 1669 petulantiae

395 1695 594 1772 praetextus.
640 1685 751 1750 Sicubi
774 1686 908 1750 festinus
936 1695 994 1767 est,
1026 1707 1082 1750 suo
1109 1686 1228 1750 indicio
1251 1687 1392 1752 lasciuus
1416 1697 1478 1752 est.
1524 1686 1583 1752 Sed

394 1794 463 1856 sino
494 1789 584 1855 illum
617 1813 673 1855 suo
706 1790 828 1871 morbo,
864 1812 1021 1855 exercens
1054 1813 1106 1854 me
1140 1791 1272 1856 salutari
1303 1801 1452 1856 vetorum
1485 1791 1583 1856 ortho-

394 1896 553 1960 doxorum
568 1895 715 1959 lectione.
753 1895 852 1960 Plura
868 1895 1054 1976 scriberem,
1074 1897 1107 1959 ni
1131 1895 1271 1981 quodam
1288 1897 1475 1961 retraherer
1491 1907 1582 1960 metu.

393 2000 497 2078 Nunc,
522 2001 648 2064 etiamsi
671 1998 805 2064 molesta
828 2003 897 2078 erit,
921 2002 1036 2077 ieiuna,
1061 1999 1180 2086 frigida
1203 2010 1235 2064 et
1259 2000 1403 2086 impolita
1424 2001 1511 2066 haec
1526 2004 1583 2086 epi-

394 2103 483 2182 stola,
517 2114 625 2169 tamen
656 2107 732 2190 quia
763 2104 856 2170 abest
886 2105 1063 2190 loquacitas
1094 2113 1126 2167 et
1156 2105 1248 2169 adest
1281 2105 1435 2184 breuitas,
1472 2127 1583 2193 parum

395 2218 488 2298 grata
510 2208 569 2273 tibi
593 2232 750 2274 essenon
777 2212 902 2296 poterit.
947 2209 1019 2274 Hoc
1047 2231 1147 2274 unum
1174 2212 1322 2296 optarim,
1339 2220 1387 2274 ,ut
1407 2211 1583 2276 Martinam

393 2317 426 2378 in
461 2313 673 2379 amiculorum
706 2323 834 2379 tuorum
868 2313 1013 2398 catalogo
1048 2313 1101 2378 vel
1133 2314 1281 2378 ultimum
1317 2324 1494 2402 supputare
1526 2337 1582 2379 uon

394 2422 550 2506 graderis.
595 2420 635 2484 Id
666 2421 693 2484 si
723 2421 902 2504 contigerit,
934 2418 1063 2483 abunde
1094 2421 1176 2483 votis
1208 2421 1288 2484 meis
1322 2430 1354 2483 te
1388 2422 1583 2486 satisfecisse

393 2524 591 2590 indicauero.
637 2523 671 2590 Si
701 2547 778 2589 uero
810 2526 906 2588 etiam
937 2523 1039 2610 (quod
1070 2533 1178 2590 tamen
1208 2527 1341 2608 exigere
1373 2547 1438 2590 non
1465 2525 1581 2602 ausim)

393 2630 497 2694 tribus
513 2629 622 2694 verbis
637 2652 696 2694 nos
712 2631 895 2707 admonere,
921 2629 1093 2712 exhortari,
1117 2629 1234 2694 docere
1258 2629 1425 2716 placuerit,
1450 2641 1485 2694 et
1506 2653 1583 2698 com-

394 2735 521 2800 modius
545 2745 578 2800 et
600 2734 727 2800 facilius
750 2735 792 2800 ad
814 2744 960 2800 nostrum
976 2733 1190 2800 Goelenium²
1212 2735 1321 2800 literas
1342 2736 1463 2821 diriges
1489 2759 1583 2823 quam

393 2839 436 2906 ad
458 2847 604 2906 nostrum
627 2840 827 2905 coenobium.
873 2840 924 2904 Ac
951 2849 1020 2904 tum
1050 2849 1085 2904 ut
1106 2839 1236 2904 Erasmi
1260 2841 1380 2926 scripta
1403 2841 1517 2906 solitus
1541 2850 1583 2906 est

393 2944 435 3008 ad
458 2966 515 3009 nos
538 2945 691 3030 perferre,
722 2947 767 3010 ita
797 2955 830 3010 et
855 2943 1039 3010 Melchioris
1070 2946 1133 3010 mei
1162 2944 1271 3010 literas
1300 2945 1387 3010 bona
1414 2945 1480 3010 fide
1510 2945 1583 3010 milri

394 3048 520 3114 reddet.
566 3049 656 3114 Bene
678 3049 760 3132 vale,
784 3053 834 3116 uir
856 3049 1071 3114 eruditissime
1094 3051 1214 3135 pariter
1237 3059 1269 3113 et
1291 3051 1534 3116 humanissime.

498 3173 554 3223 Aus
573 3173 633 3224 dem
653 3173 716 3224 Cod.
736 3173 800 3223 Hor.
819 3175 850 3224 A.
870 3190 894 3238 p.
915 3175 963 3222 11⁷
982 3173 1000 3226 f.

391 3381 486 3438 Ltwe
497 3403 523 3436 n.
942 3381 1030 3446 LVI,
1370 3388 1395 3436 9.
1413 3385 1490 3451 April
1512 3387 1581 3436 1525.

395 3575 618 3632 Patriarohae
649 3573 852 3629 honorando
881 3573 1022 3640 collegii
1050 3574 1304 3630 venerabilium
1329 3575 1581 3632 canonicorum

576 3679 612 3734 in
637 3680 757 3734 monte
780 3681 920 3734 sanctae
943 3673 1110 3770 Agnetis3
1133 3678 1289 3746 Lypsius
1314 3681 1344 3734 S.
1368 3679 1405 3734 P.

497 3853 551 3918 Me
574 3828 805 3938 impudentem,
832 3875 873 3916 ne
897 3852 974 3937 quid
997 3851 1086 3916 aliud
1109 3829 1225 3935 dicam,
1254 3855 1309 3938 qui
1331 3853 1393 3919 hoc
1417 3876 1493 3918 cum
1517 3877 1580 3941 per·

392 3957 517 4046 pusillo,
556 3967 626 4021 tum
659 3959 755 4022 etiam
788 3957 908 4021 inculto
942 3957 1086 4042 epistolio
1120 3956 1268 4022 omnibus
1302 3957 1391 4022 haud
1424 3960 1581 4024 immerito

437 4138 445 4171 ¹
464 4137 520 4188 Cic.
538 4136 634 4186 Parad.
652 4137 673 4186 Ι.
692 4137 717 4184 8.

435 4225 445 4260 ²
463 4225 569 4276 Conrad
587 4223 740 4285 Goolenius,
758 4223 895 4274 Professor
913 4223 960 4279 der
977 4223 1155 4276 lateinischen
1173 4223 1289 4290 Sprache
1307 4240 1350 4274 am
1369 4223 1523 4290 Collegium
1541 4225 1580 4274 tri·

464 4312 556 4378 lingue
574 4327 608 4360 ru
625 4311 726 4360 Ltwen
744 4309 772 4376 (†
791 4309 878 4376 1539),
897 4311 986 4361 wurde
1005 4327 1098 4378 wagan
1116 4314 1203 4362 seiner
1220 4313 1399 4377 grossartigen
1417 4313 1580 4378 Leistungeu

463 4399 509 4450 der
531 4399 630 4449 andere
652 4397 779 4447 Erasmus
800 4403 927 4464 gonannt
947 4398 1008 4464 Vgl.
1026 4398 1069 4449 die
1094 4400 1259 4465 eingehende
1281 4399 1337 4448 und
1360 4398 1493 4448 trefflicho
1520 4399 1580 4448 Dar-

464 4485 582 4551 stellung
599 4485 645 4536 des
656 4483 884 4550 Biographischen
895 4487 923 4534 in
941 4483 1037 4548 Neve,
1066 4483 1195 4536 Memoire
1213 4502 1258 4536 sur
1276 4486 1302 4536 le
1320 4483 1488 4552 collegeras
1506 4487 1580 4536 trois·

462 4571 576 4639 leugues
594 4569 611 4622 d
627 4571 759 4634 Locusta,
777 4589 802 4637 p.
817 4574 866 4622 143
885 4571 911 4624 ff.
932 4574 989 4623 151.
1003 4574 1062 4623 298.
1075 4575 1134 4622 332.

435 4660 446 4696 ³
463 4660 519 4712 Der
536 4661 613 4712 Pn‘or
635 4659 682 4710 der
698 4658 764 4710 heil.
774 4659 863 4725 Agnes
880 4659 946 4710 la'sst
962 4657 1089 4710 Erasmus
1107 4661 1196 4727 (1517)
1215 4661 1262 4710 ΙΠ.
1285 4663 1350 4712 1639
1367 4661 1452 4712 durch
1470 4661 1580 4712 Listrins

462 4752 580 4816 grussen.
