3372 5768
355 544 397 608 56
879 561 1025 602 aaronita.
1452 553 1544 626 [718]

356 794 483 844 Loweu.
868 773 1031 840 XXXIH.
1117 851 1120 858 Ι
1242 796 1281 844 16.
1300 793 1449 846 December
1470 797 1544 846 1519.

358 974 523 1030 Erasmus
546 974 800 1030 Roterodemus
824 975 863 1031 D.
887 973 1038 1031 martino
1061 975 1193 1043 Lypaio
1216 959 1442 1032 Bruriellensi
1458 977 1488 1032 S.
1505 976 1546 1034 D.

461 1159 535 1224 Non
551 1158 679 1235 dubito,
703 1160 747 1223 mi
762 1159 910 1238 Martiae,
935 1160 1012 1244 quin
1034 1160 1099 1224 iam
1122 1159 1246 1224 dudum
1265 1161 1299 1224 in
1312 1183 1366 1225 me
1381 1161 1548 1226 desideres

359 1265 600 1329 humanitatem.
647 1264 712 1328 Sed
734 1264 815 1328 haec
838 1287 890 1328 me
913 1264 1010 1330 docet
1031 1287 1095 1330 non
1117 1275 1241 1343 natura,
1273 1266 1329 1329 sed
1353 1266 1549 1331 ineuitabilis

359 1370 544 1434 necessitas.
590 1367 645 1433 Ad
675 1390 786 1433 omnes
816 1391 960 1435 rumores
989 1370 1054 1434 iam
1083 1369 1229 1434 occallui.
1273 1370 1338 1434 Res
1366 1371 1400 1434 in
1421 1371 1548 1435 rabiem

361 1476 469 1538 exiit‘
494 1474 644 1557 Regnent
674 1465 813 1553 ventres,
845 1484 961 1558 regnat
991 1474 1131 1538 scmrilis
1159 1474 1361 1560 impudentia
1391 1473 1451 1540 sub
1478 1476 1549 1540 reli-

360 1580 464 1663 gionis
486 1587 666 1663 praetextu.
713 1578 849 1644 Satanas
878 1581 943 1644 iam
973 1580 1077 1644 canit:
1115 1579 1151 1644 Io
1181 1579 1352 1665 triumphe.
1397 1580 1467 1644 Nos
1494 1581 1550 1646 hic

245 1713 247 1716 ·
361 1684 564 1748 versabimur
593 1684 626 1747 in
655 1683 857 1770 philosophia
880 1684 1006 1763 Christi,
1039 1694 1076 1749 ut
1106 1707 1171 1751 non
1201 1687 1299 1749 simus
1321 1685 1472 1750 factionis
1493 1694 1552 1749 aut
1664 1739 1665 1764 ,

363 1787 517 1852 tumultus
540 1796 678 1853 autores.
712 1789 756 1854 Et
779 1791 967 1855 simundus
990 1791 1050 1854 erit
1071 1791 1224 1874 ingratus,
1250 1787 1396 1854 Christus
1418 1789 1550 1870 abunde
1664 1837 1665 1882 3

364 1891 456 1956 diues
479 1901 536 1970 est,
561 1894 616 1979 qui
638 1904 763 1958 nostras
786 1894 943 1979 vigiliolas
965 1893 1132 1980 rependat.
1156 1894 1194 1957 In
1217 1915 1388 1958 numerum
1404 1894 1551 1958 consilia

362 1997 484 2061 riorum
506 2007 581 2062 ante
603 2007 669 2062 tres
692 2022 793 2063 annos
815 2000 935 2063 fuimus
958 1999 1083 2076 adsciti,
1116 1999 1172 2063 sed
1204 1997 1349 2084 Syluagii
1379 2003 1485 2064 mors¹
1517 2000 1551 2062 in

366 2123 464 2164 causa
495 2101 563 2179 fuit,
596 2126 659 2189 quo
691 2104 796 2167 minus
826 2103 1009 2168 absolutum
1038 2104 1135 2167 fuerit
1161 2102 1312 2188 diploma.
1357 2101 1467 2188 Atque
1491 2125 1552 2187 ego

367 2227 443 2268 sane
468 2207 513 2269 sic
535 2208 704 2286 instabam,
730 2209 821 2293 quasi
840 2208 1047 2293 negligerem.
1071 2207 1110 2271 Id
1125 2229 1212 2271 nunc
1227 2217 1376 2292 paratum
1392 2217 1449 2272 est.
1479 2207 1553 2276 Hoc

367 2313 479 2396 quanti
508 2314 661 2376 momenti
691 2314 731 2377 sit
761 2314 880 2390 nescio,
911 2335 963 2377 ma
992 2321 1079 2377 certe
1109 2335 1174 2376 non
1203 2333 1398 2397 magnopere
1432 2321 1552 2376 mouet.

367 2415 527 2479 Volumen
549 2418 715 2502 utriusque
738 2419 920 2482 testamenti
943 2419 1060 2501 graeci,
1086 2439 1185 2502 quum
1207 2425 1344 2501 peteres,
1373 2427 1443 2481 erat
1464 2418 1554 2504 apud
1667 2413 1668 2434 ³

341 2593 343 2596 ¹
368 2519 551 2584 Minoritas:
584 2543 671 2585 nunc
693 2521 771 2585 mihi
793 2532 842 2585 est
864 2545 945 2608 opus
967 2523 1000 2586 in
1022 2523 1240 2606 recognitione
1262 2523 1337 2586 noui
1359 2526 1553 2588 testamenti.

368 2623 493 2688 Tamen
526 2627 710 2710 perquiram
743 2649 785 2690 an
818 2627 871 2691 hic
904 2626 1062 2691 habeatur
1090 2626 1214 2691 uenale.
1259 2625 1324 2691 Sed
1355 2649 1478 2705 vereor,
1512 2651 1555 2692 ne

369 2752 485 2814 magno
509 2739 648 2795 amatim:
672 2753 733 2795 nec
756 2730 857 2795 diuidi
878 2741 993 2818 potest.
1031 2733 1151 2796 Vereor
1173 2731 1206 2794 in
1229 2732 1427 2797 restituendo
1443 2731 1554 2818 Augu·
1668 2793 1669 2822 ,

365 2837 456 2899 stine.
504 2835 537 2898 si
568 2836 645 2921 quid
670 2837 818 2901 codicum
841 2846 988 2901 veterum
1010 2837 1109 2902 habet
1131 2845 1240 2900 vestra
1262 2835 1468 2914 bibliotheca,
1501 2836 1554 2901 fao

364 2942 410 3005 uti
442 2943 590 3005 sciamus.
637 2941 726 3004 Bene
758 2942 831 3006 vale
863 2950 959 3027 teque
991 2942 1089 3006 sacris
1113 2940 1226 3005 studiis
1249 2941 1391 3006 suauiter
1413 2941 1552 3006 oblecta.

368 3045 504 3110 Louanii
531 3045 578 3109 13.
604 3044 670 3110 Gal.
695 3046 763 3110 Ian.

467 3168 523 3217 Ans
541 3169 600 3218 dom
621 3167 685 3220 eod.
703 3168 767 3218 Hor.
787 3168 818 3218 A.
836 3186 861 3234 p.
882 3171 922 3218 77.
1003 3152 1005 3156 ⁸

807 3427 811 3437 f
877 3395 1039 3462 XXXIV.

363 3599 439 3654 Des.
462 3599 628 3654 Erasmus
652 3599 908 3654 Roterodamus
930 3599 968 3653 D.
985 3595 1138 3654 Martino
1161 3596 1389 3652 Bruxellensi
1413 3597 1443 3652 S.
1460 3597 1495 3652 P.
1513 3597 1551 3651 D.

467 3784 582 3848 Amice
607 3785 785 3868 singularis,
818 3784 858 3848 ob
883 3791 987 3848 certas
1011 3805 1134 3861 causas,
1164 3781 1272 3846 distuli
1296 3783 1356 3844 iter
1378 3783 1411 3845 in
1433 3780 1553 3846 hebdo-

363 3889 474 3953 madas
492 3889 621 3974 aliquot.
646 3889 720 3968 Non
743 3889 865 3967 dubito,
890 3891 968 3975 quin
991 3897 1026 3952 tu
1047 3910 1106 3972 pro
1128 3887 1329 3951 humanitate
1352 3895 1407 3949 tua
1430 3886 1552 3950 tribuas

364 3994 629 4078 occupationibus
653 3995 742 4071 meis,
775 3994 861 4080 quod
884 3996 930 4058 tui
953 3993 1066 4057 videor
1093 3991 1220 4057 oblitus.
1267 3991 1382 4055 Habeo
1406 3991 1464 4054 tibi
1487 3998 1551 4053 tres

364 4097 565 4183 philippicus,
596 4097 629 4161 hi
659 4097 832 4175 dabuntur,
863 4100 897 4162 in
928 4121 1008 4185 quos
1040 4096 1129 4162 voles
1159 4118 1245 4160 usus.
1291 4097 1335 4156 Τὰ
1363 4095 1459 4172 βιβλία
1488 4116 1552 4157 non

289 4202 291 4206 ’
364 4205 495 4267 minoris
525 4204 641 4267 emitur
672 4225 769 4288 quam
800 4202 914 4267 decem
943 4203 1090 4266 florenis:
1121 4223 1182 4266 nec
1212 4200 1373 4264 habentur
1402 4200 1437 4262 in
1463 4220 1551 4283 prae-

365 4309 467 4372 sentia
497 4306 716 4393 Antwerpiae.
761 4307 871 4372 Meum
893 4307 1045 4372 volumen
1068 4307 1168 4384 mitto,
1194 4304 1411 4390 quodtamen
1434 4324 1552 4367 moxa

404 4573 411 4606 ¹
430 4573 571 4624 Johannes
590 4571 741 4638 Syluagius‚
760 4571 878 4622 Kaualer
896 4571 961 4622 Karl
979 4572 1021 4635 V.‚
1040 4571 1112 4620 starb
1133 4571 1212 4633 16183
1233 4569 1299 4619 1616
1320 4568 1409 4618 wurde
1427 4565 1551 4617 Erasmus

429 4661 477 4710 das
493 4661 678 4725 Verspreohen
701 4659 834 4725 gemacht,
864 4660 911 4709 das
935 4675 964 4710 er
988 4657 1116 4721 eruthnt,
1145 4659 1224 4708 somit
1247 4658 1282 4707 ist
1299 4655 1346 4706 der
1364 4655 1440 4704 BrIef
1455 4655 1484 4704 in
1502 4653 1548 4703 das

430 4749 497 4798 Jahr
518 4749 584 4798 1519
605 4764 638 4798 au
658 4751 756 4798 setaen.
