3320 5742
124 505 222 577 [745]
435 520 537 560 Erasmus
551 531 593 559 von
606 519 732 560 liettardum
745 519 790 560 und
804 520 912 561 nauticus
925 521 1019 571 Lipsius.
1273 505 1313 569 83

121 715 207 759 vera
230 695 395 780 sapientia,
424 694 486 758 hoc
508 704 558 758 est
579 692 789 777 intelligentia
811 717 907 759 verae
929 695 1014 759 illius
1037 699 1314 783 sempiternaeque

122 801 209 864 lucis
233 799 338 864 cordis
361 799 493 863 humani
515 801 615 862 iustos
638 799 835 883 praecellant
857 801 955 885 impii,
981 822 1060 886 quos
1077 801 1189 867 stultos
1206 811 1239 865 et
1261 823 1314 866 ex-

123 904 242 970 cordes
266 925 336 968 esse
359 903 478 988 ubique
510 905 669 994 scriptura
698 904 881 988 praedicat:
913 905 972 968 sed
995 905 1082 990 quod
1104 907 1188 971 vafri
1212 908 1314 991 magis

123 1011 191 1072 sint
213 1011 246 1072 in
268 1009 366 1074 rebus
387 1009 538 1092 gerendis
561 1008 604 1072 ad
628 1008 900 1094 supplantandum
923 1031 962 1072 ac
991 1009 1168 1075 fallendum
1192 1013 1314 1076 exerci-

120 1116 257 1178 tatiores
280 1122 312 1176 et
334 1113 472 1177 fictionis
495 1135 534 1176 ac
558 1112 621 1178 doli
645 1113 720 1177 mali
743 1113 910 1198 pleniores,
944 1136 1018 1178 cum
1040 1114 1085 1177 illi
1110 1115 1313 1200 simplicitate

123 1241 185 1282 sua
208 1228 241 1281 et
262 1219 479 1283 conscientiae
502 1217 606 1282 bonae
622 1219 803 1282 testimonio
825 1219 966 1282 contenti
990 1219 1180 1303 sapientiam
1201 1220 1314 1285 mundi

120 1323 219 1388 huius
241 1345 306 1387 non
329 1323 424 1387 modo
448 1345 512 1388 non
534 1323 644 1406 magui
666 1322 819 1408 pendant,
845 1323 1065 1388 sedmaxime
1088 1326 1185 1389 etiam
1207 1327 1313 1390 animo

120 1437 324 1492 auersentur.
371 1426 436 1492 Sed
459 1428 541 1492 forte
565 1428 752 1513 scrupulum
774 1429 894 1493 iniiciet
917 1429 1044 1493 celandi
1066 1430 1212 1508 verbum,
1248 1453 1312 1516 quo

121 1534 197 1619 quis
220 1532 427 1598 emolumenti
451 1535 499 1597 sui
523 1555 621 1596 causa
644 1532 805 1597 occultare
828 1527 950 1618 aliquid
974 1534 1099 1611 dicitur,
1129 1537 1215 1620 quod
1238 1536 1312 1600 alte-

67 1689 71 1696 .
118 1639 189 1702 rins
222 1638 371 1714 intersit,¹
406 1637 493 1722 quod
527 1647 638 1701 contra
672 1637 814 1702 officium
849 1639 1053 1724 maximeque
1083 1662 1103 1703 a
1124 1641 1193 1705 viro
1227 1641 1312 1704 bono
1397 1687 1399 1692 ,

119 1742 264 1807 alienum
293 1763 387 1806 nemo
417 1764 482 1806 non
512 1743 610 1806 nouit.
657 1741 758 1822 Quasi
788 1765 852 1807 non
882 1741 969 1808 idem
1001 1744 1107 1808 dicam
1130 1766 1199 1829 ego,
1235 1745 1312 1809 dum

117 1850 313 1937 prudentiae
336 1849 464 1914 nomine
488 1871 552 1912 non
574 1870 762 1932 germanam
786 1849 985 1934 sapientiam,
1018 1849 1076 1914 sed
1106 1850 1312 1914 calliditatem

118 1977 161 2018 ac
184 1954 351 2018 vafriciem
372 1953 524 2037 intelligo,
557 1952 614 2017 sed
644 1955 689 2017 ita
718 1933 835 2030 tamen,
867 1963 902 2016 ut
932 1955 1031 2018 animi
1062 1955 1194 2018 offensio
1224 1955 1312 2018 nulla

119 2068 276 2144 sequatm
307 2059 384 2135 eius,
417 2058 459 2123 ad
489 2079 586 2143 quem
616 2059 740 2122 scribo:
773 2059 928 2143 quasique
955 2080 1019 2123 non
1042 2059 1228 2144 frequenter
1250 2059 1311 2124 hoc

83 2190 88 2198 ·
117 2163 260 2228 verbum
282 2185 347 2228 nou
376 2165 409 2226 in
432 2163 495 2227 alia
523 2163 737 2246 significantia
766 2163 946 2248 reperiatur
968 2173 1001 2226 et
1030 2186 1094 2227 non
1125 2165 1311 2249 saepissime

116 2270 153 2332 in
178 2268 352 2333 comoediis
375 2268 598 2334 adolescentes
621 2267 745 2332 consilii
775 2290 907 2353 prorsus
929 2269 1041 2353 inopes
1071 2290 1136 2332 non
1167 2269 1311 2334 utilitatis

118 2395 198 2439 suae
222 2375 326 2460 gratia
349 2371 406 2437 sed
430 2372 653 2458 desperatione
676 2394 782 2437 rerum
805 2374 946 2438 maximo
963 2395 1036 2438 cum
1052 2374 1149 2438 animi
1166 2375 1310 2438 cruciatu

116 2501 247 2545 amores
282 2501 355 2544 suos
390 2478 495 2544 celare
527 2478 682 2562 legamus.
727 2479 878 2542 Poteram
911 2477 960 2542 bis
993 2477 1098 2542 videri
1130 2478 1309 2542 calumniae

117 2587 239 2649 fecisse
251 2586 347 2662 satis,
373 2584 431 2648 sed
450 2605 575 2669 nequeo
591 2583 742 2669 equidem
756 2583 834 2647 mihi
856 2591 1045 2667 temperare,
1070 2584 1147 2667 quin
1162 2583 1223 2647 hoe
1238 2583 1309 2648 loco

117 2690 254 2754 liberius
277 2689 399 2774 aliquid
421 2690 536 2753 dicam.
575 2688 742 2752 Donemus
758 2710 809 2751 me
833 2688 1009 2772 sapientiae
1028 2686 1158 2751 laudem
1181 2687 1308 2751 dedisse

117 2797 201 2877 viro,
226 2795 314 2880 quod
335 2793 434 2858 libros
464 2790 625 2858 luterano's
653 2792 765 2856 celarit
786 2801 892 2876 atque,
924 2801 959 2856 ut
982 2791 1086 2856 fronte
1118 2793 1309 2856 sententiam

116 2909 252 2983 tegeret,
285 2902 361 2963 esse'
389 2898 602 2962 adhortatum.
649 2897 737 2977 Quid
770 2919 808 2960 eo
842 2898 970 2961 nomine
1005 2897 1136 2960 sceleris
1169 2897 1307 2961 admisi?

115 3005 235 3068 Nonne
258 3026 340 3089 quae
363 3027 422 3090 pro
444 3003 611 3089 republica
634 3003 723 3082 liunt,
748 3004 910 3088 sapienter
933 3007 971 3065 ac
994 3011 1083 3066 recte
1106 3002 1176 3066 fieri
1198 3001 1308 3067 dicun-

115 3108 193 3173 tur?
239 3107 339 3194 Atqui
362 3108 441 3172 nihil
463 3108 523 3172 fnit
554 3106 787 3172 conducibilius
818 3105 860 3192 (si
891 3106 979 3171 aliud
1009 3105 1095 3169 effici
1118 3130 1138 3170 a
1159 3128 1211 3170 me
1245 3129 1308 3171 non

116 3213 258 3301 poterat)
294 3235 390 3299 quam
424 3233 563 3290 monere,
598 3222 634 3276 nt
667 3211 787 3277 celaret
819 3211 918 3276 libros
952 3211 1117 3287 eiusmodi,
1153 3220 1189 3274 ut
1225 3210 1308 3274 clam

116 3343 158 3384 ac
192 3320 254 3383 sibi
283 3340 411 3383 venena
441 3341 499 3383 sua
532 3317 675 3394 haberet,
707 3340 748 3381 ne
779 3317 858 3382 alios
882 3318 1071 3401 contagione
1094 3316 1169 3380 mali
1193 3317 1241 3380 sui
1263 3318 1308 3380 in·

115 3425 239 3500 ficeret,
272 3432 316 3501 ut,
349 3425 375 3487 si
399 3445 419 3487 a
441 3425 603 3510 proposito
636 3423 791 3487 deterreri
822 3445 887 3486 non
918 3431 1036 3507 posset,
1070 3422 1154 3486 solus
1188 3423 1308 3507 periret

113 3530 223 3616 potius
247 3550 344 3614 quam
367 3530 476 3615 plures
500 3551 609 3594 secum
632 3530 665 3592 in
688 3530 814 3592 ruinam
837 3551 876 3591 ae
898 3528 1124 3613 praecipitium
1154 3527 1306 3591 auferret.

113 3635 212 3714 Quae
234 3656 286 3696 res
309 3635 337 3698 si
358 3635 449 3698 initio
472 3635 634 3699 nascentis
665 3633 759 3697 huius
782 3633 930 3697 factionis
953 3631 1148 3718 quibusdam
1177 3653 1241 3696 non
1263 3633 1308 3713 in-

113 3741 213 3804 fimae
235 3750 331 3804 notae
354 3740 537 3804 hominibus
561 3739 650 3804 cordi
673 3737 796 3814 finisset,
828 3747 884 3802 aut
907 3729 1050 3800 extincta
1082 3746 1114 3799 et
1137 3736 1243 3800 deleta
1266 3759 1308 3800 ex

112 3846 283 3910 hominum
305 3847 459 3910 memoria
481 3866 520 3910 ea
542 3846 642 3930 pestis
665 3852 750 3907 esset
774 3851 830 3907 aut
852 3844 885 3906 in
907 3843 1020 3927 paucis
1044 3841 1232 3926 desperatae
1254 3863 1308 3904 ne—

114 3951 244 4036 quiciae
268 3949 517 4035 deplorataeque
551 3949 721 4035 probitatis
745 3956 955 4032 grassaretur.
1000 3946 1095 4010 Nunc
1126 3967 1203 4010 vero
1236 3948 1307 4031 quis

113 4057 187 4119 sine
216 4057 357 4119 maximo
388 4055 486 4118 animi
518 4053 626 4118 dolore
658 4053 841 4116 meminisse
872 4060 987 4138 potest,
1023 4072 1120 4136 qnam
1149 4049 1240 4113 multi
1275 4052 1308 4114 in

117 4161 331 4226 concionibus
354 4161 500 4246 publicis,
525 4160 602 4224 dum
624 4159 690 4222 illic
713 4158 856 4245 qnotidie
879 4157 947 4222 eius
970 4157 1030 4220 viri
1054 4156 1205 4240 dogmata
1235 4178 1307 4219 con-

113 4267 209 4332 uiciis
232 4265 387 4331 audiente
410 4265 560 4352 imperita
582 4264 753 4350 plebecula
774 4263 1033 4348 proscinduntur,
1065 4261 1308 4338 luteranismum

113 4370 313 4448 imbiberint,
349 4373 404 4456 qui
437 4393 502 4435 non
532 4369 627 4433 modo
657 4368 770 4432 talium
800 4389 908 4431 rerum
937 4366 1040 4451 ignari
1074 4366 1210 4442 fuerant,
1248 4366 1305 4429 sed

111 4479 221 4562 ipsum
243 4475 400 4540 Luterum
422 4475 551 4539 omnino
573 4482 685 4538 natum
706 4472 906 4536 nesciebant.
953 4469 987 4534 Si
1011 4491 1088 4554 ergo
1111 4468 1246 4533 celando
1270 4479 1305 4533 et

157 4705 163 4738 ¹
183 4707 221 4754 in·
250 4703 254 4768 Ι
288 4706 402 4756 intersit.
