3372 5768
75 593 172 666 [707]
387 605 487 645 Erasmus
501 615 542 644 von
557 603 681 645 Rotterdam
695 604 739 644 und
754 603 861 644 Martinus
875 603 969 654 Lipsius.

629 812 739 877 XXV.

327 1013 505 1070 Gererdus
528 1013 658 1069 Riuius
682 1014 832 1070 Martino
856 1014 988 1081 Lypsio
1012 1015 1043 1070 S.

191 1199 331 1264 Memini
361 1199 469 1264 alteris
497 1199 595 1264 literis
618 1201 681 1265 tuis
703 1199 786 1264 male
809 1220 861 1263 me
884 1200 1013 1264 audisse
1035 1212 1166 1298 propter
1188 1223 1277 1264 vere-

83 1304 254 1381 cundiam,
286 1305 372 1390 quod
401 1325 466 1369 non
497 1305 643 1368 exactius
673 1305 752 1369 illud
782 1304 941 1382 beneficii,
973 1305 1058 1390 quod
1087 1305 1165 1370 mihi
1187 1327 1278 1391 prae-

85 1410 207 1486 stitisti,
241 1408 438 1494 postularim.
488 1407 581 1473 Adeo
604 1408 662 1472 tibi
691 1409 820 1495 placere
844 1409 972 1473 videtur
994 1409 1147 1474 nonnulla
1169 1413 1203 1473 in
1224 1433 1278 1496 po-

85 1514 212 1579 scendo
237 1514 396 1578 beneficio
420 1514 622 1579 confidentia.
646 1513 698 1577 En
721 1536 783 1599 quo
804 1514 956 1600 delapsus
973 1538 1043 1579 sum
1058 1515 1279 1600 obiurgatione

86 1627 153 1684 tua.
195 1619 413 1684 Verecundus
443 1620 561 1704 petitor
589 1619 694 1682 factus
718 1641 789 1683 sum
811 1619 906 1703 longo
929 1628 1072 1706 tempore
1094 1631 1278 1706 usucaptor.

87 1725 277 1810 Increpitus
306 1724 412 1810 pudor
441 1724 632 1808 simulatque
663 1725 729 1787 voti
759 1745 892 1810 compos
921 1725 1026 1790 factus
1050 1747 1129 1803 sum,
1162 1725 1280 1790 diutius

88 1830 234 1893 retinere
257 1828 424 1914 persuasit,
456 1827 543 1913 quod
566 1827 732 1892 crederem
753 1829 786 1891 in
813 1828 979 1893 reddendo
1009 1829 1214 1908 celeritatem,
1245 1840 1281 1894 ut

89 1934 123 1996 in
145 1934 306 2020 petitione
329 1931 560 1996 verecundiam
582 1933 652 2017 pari
668 1932 763 1997 modo
779 1955 850 1996 esse
865 1933 1049 1998 notabilem.
1078 1933 1282 2019 Quamquam

91 2047 128 2101 ut
149 2039 295 2122 ingenue
317 2038 429 2114 fatear,
461 2035 631 2121 utrobique
654 2036 760 2100 medio
783 2037 900 2114 excidi,
931 2039 965 2102 in
988 2039 1181 2124 requirendo
1203 2041 1283 2103 timi-

93 2142 173 2220 dior,
198 2143 235 2206 in
257 2142 377 2207 utendo
399 2141 624 2227 impudentior.
669 2141 742 2205 Hac
764 2143 862 2230 igitur
882 2143 916 2205 in
938 2152 1030 2228 parte
1052 2165 1105 2207 me
1127 2144 1186 2209 tibi
1209 2166 1283 2229 quo-

95 2268 158 2331 que
189 2249 351 2333 permitto,
381 2248 428 2310 uti
457 2257 512 2310 tuo
535 2247 641 2310 animo
664 2246 860 2331 obsequaris.
906 2247 1021 2312 Merito
1043 2248 1213 2312 ferendum
1236 2258 1285 2311 est

95 2351 183 2429 mihi,
210 2353 267 2437 qui
289 2375 354 2416 non
377 2352 608 2416 consideratius
630 2352 787 2416 rationem
809 2349 908 2415 habui
931 2372 1108 2417 concessae
1131 2353 1177 2416 rei
1207 2362 1285 2416 tem-

96 2458 260 2542 porisque,
295 2457 338 2520 ad
371 2455 452 2520 haec
486 2455 711 2521 benefactoris.
756 2457 831 2521 Non
863 2479 915 2521 me
949 2457 1079 2536 latebat,
1115 2456 1202 2543 quod
1231 2478 1285 2520 res

100 2561 252 2625 omnibus
283 2583 325 2624 ex
354 2583 458 2646 aequo
481 2571 567 2626 esset
589 2563 766 2626 communis
789 2583 891 2647 eoque
913 2563 1033 2627 diutius
1055 2583 1098 2626 ex
1119 2561 1174 2626 illo
1197 2561 1286 2626 soda-

100 2664 166 2730 litio
190 2665 353 2750 religionis
375 2667 445 2729 iure
468 2665 617 2751 copulata
639 2667 812 2744 continere,
840 2689 905 2730 non
926 2688 1042 2751 parum
1064 2688 1135 2730 esse
1156 2666 1286 2730 inhone-

103 2778 197 2848 stum,
223 2793 260 2834 eo
284 2771 370 2856 quod
392 2771 531 2857 plurium
552 2793 635 2836 usus
653 2780 738 2834 esset
759 2771 934 2856 impeditus
956 2773 1050 2836 unius
1070 2771 1167 2856 idque
1184 2772 1287 2835 exteri

103 2877 218 2958 gratia.
263 2875 361 2940 Haud
394 2876 591 2960 ignorabam,
626 2877 773 2961 quamuis
807 2876 867 2941 sub
897 2880 1017 2940 manu¹
1046 2876 1105 2941 tibi
1137 2877 1178 2940 sit
1211 2898 1289 2940 cura

106 2982 315 3066 custodiaque
344 2980 502 3059 codicum,
534 2980 712 3045 condecere
736 2991 843 3045 tamen
866 2981 1001 3046 fratrum
1023 2981 1135 3045 usibus
1158 3004 1196 3045 ac
1220 3003 1289 3046 coe-

105 3085 201 3150 nobio
229 3085 327 3150 libros
355 3087 465 3150 sistere
494 3108 590 3171 quam
616 3087 812 3152 maturrime.
857 3086 929 3150 Hae
959 3087 1178 3170 cogitationes,
1209 3084 1289 3149 haec

107 3192 239 3255 consilia
277 3191 500 3277 suppetebant,
542 3191 659 3275 quibus
696 3191 745 3255 his
783 3212 865 3276 quae
902 3192 1000 3255 metui
1038 3190 1131 3255 facile
1168 3190 1290 3254 mederi

107 3293 249 3359 licuerat.
273 3294 338 3360 Sed
361 3296 469 3359 nescio
493 3316 555 3380 quo
579 3305 674 3381 pacto
696 3297 824 3360 interim
846 3295 1021 3359 incidentia
1036 3296 1171 3380 negocia
1186 3294 1291 3359 lectio-

108 3421 181 3464 nem
204 3400 402 3486 abruperint,
426 3410 462 3463 ut
483 3409 539 3464 aut
561 3401 741 3464 necessario
764 3399 860 3464 fuerit
881 3399 1082 3464 admittenda
1105 3399 1213 3464 dilatio
1237 3409 1292 3463 aut

109 3503 329 3569 desistendum
352 3504 497 3582 lectione,
522 3504 612 3568 cuius
635 3504 752 3590 alioqui
776 3527 840 3569 non
862 3506 993 3570 minimo
1012 3504 1148 3570 tenebar
1173 3526 1290 3580 amore,

110 3611 163 3693 qui
186 3609 240 3674 uel
262 3611 363 3674 invito
385 3631 446 3686 me,
479 3609 616 3674 subinde
638 3610 840 3674 remordente
863 3610 1025 3674 referendi
1049 3632 1126 3673 cura
1148 3619 1215 3700 tam
1237 3608 1294 3671 diu

111 3712 228 3780 librum
243 3714 296 3779 hic
311 3714 461 3799 alligauit,
487 3736 544 3778 scu
564 3715 650 3799 quod
674 3737 778 3778 essem
800 3717 847 3778 rei
869 3716 1079 3799 graecanicae
1102 3716 1294 3800 impotenter

112 3820 235 3898 auidus,
268 3842 325 3884 seu
354 3819 440 3904 quod
469 3817 642 3904 plurimum
672 3819 848 3883 adiumenti
878 3829 963 3882 essct
985 3817 1071 3882 illinc
1096 3816 1292 3895 dialecticae,

113 3944 194 4007 quae
209 3934 278 3988 tum
293 3923 467 3989 colebatur.
492 3921 663 3988 Caeterum
678 3925 743 3988 vici
758 3924 889 3989 tandem
911 3925 1131 4010 pertinaciam.
1155 3923 1295 3986 Remitto

112 4026 230 4092 librum
253 4028 386 4105 saluum,
418 4030 587 4112 integrum,
619 4029 825 4093 inoffensum:
856 4029 936 4094 nihil
957 4031 991 4093 in
1014 4051 1051 4093 eo
1075 4028 1163 4115 quod
1185 4029 1293 4103 sciam,

114 4140 147 4195 ut
169 4134 278 4197 decuit
301 4134 397 4197 etiam
417 4135 449 4196 in
468 4155 503 4197 re
518 4135 673 4219 precaria,
698 4144 828 4220 ruptum
844 4142 899 4198 aut
915 4157 1023 4198 rasum
1036 4142 1091 4197 aut
1106 4131 1294 4197 obsoletum.

114 4233 225 4301 Restat
246 4239 343 4321 igitur
365 4236 598 4301 beneficentiae
621 4247 695 4302 tuae
722 4239 910 4324 praemium.
956 4238 1029 4301 Iure
1061 4238 1147 4300 enim
1178 4237 1296 4321 optimo

115 4362 164 4404 mc
198 4343 231 4405 in
261 4364 336 4406 aere
364 4352 419 4406 tuo
450 4364 520 4406 esse
552 4365 720 4428 cognosco,
755 4352 796 4421 at,
828 4353 864 4406 ut
893 4365 980 4407 nunc
1012 4365 1045 4405 se
1075 4340 1197 4406 habent
1226 4361 1298 4403 mea

117 4448 230 4525 omnia,
253 4470 317 4512 non
341 4446 503 4512 soluendo
536 4449 659 4512 Verum
682 4449 708 4511 si
731 4447 859 4532 quando
883 4446 977 4511 detur
999 4468 1037 4509 ac
1061 4444 1170 4510 oblata
1191 4444 1299 4508 faueat

116 4548 250 4629 fortuna,
274 4552 470 4617 fortunatum
496 4554 623 4616 senties.
648 4552 743 4616 Nunc
758 4574 816 4637 pro
834 4552 993 4615 donatiuis
1009 4552 1131 4614 amicus
1148 4549 1299 4634 oppigne-

159 4784 166 4816 ¹
185 4780 232 4832 Hs.
250 4795 365 4832 manum.

1130 4866 1147 4914 4
