3320 5742
108 431 200 504 [799]
411 444 513 484 Erasmus
527 455 568 484 von
582 443 708 484 Rotterdsm
722 443 767 484 und
781 443 888 485 Martinus
902 443 998 495 Lipsius.
1235 429 1296 493 137

209 619 335 683 Verum
359 617 399 682 de
421 619 472 683 his
497 621 582 683 satis,
610 619 779 683 Hactenus
794 619 841 682 fui
858 620 1004 683 infirmus
1019 631 1079 705 per
1093 642 1238 684 mensem
1253 622 1298 685 in-

103 730 243 807 tegrum,
270 724 327 787 sed
349 725 423 800 iam,
447 726 570 808 gratiae
592 724 662 801 deo,
688 733 853 809 utcunque
870 725 1029 807 conualui,
1052 725 1129 788 licet
1143 725 1250 789 adhuc
1265 727 1300 790 in

105 827 310 892 infirmorum
341 828 476 893 aedibus
506 828 661 892 detinear.
706 828 815 892 Audio
846 829 988 912 quotidie
1018 831 1126 892 varios
1153 851 1298 894 rumores

104 931 268 995 bellorum
288 934 371 995 inter
385 932 585 996 Traiectinos
609 941 641 994 11
657 930 827 1013 Gheldros,
852 931 969 1015 quibus
992 932 1162 996 dumtaxat
1185 934 1298 997 oratio-

103 1034 201 1099 nibus
226 1037 361 1100 obuiare
384 1059 526 1121 possum.
572 1035 639 1100 Oro
662 1036 696 1100 id
718 1038 825 1121 ipsum
855 1035 965 1114 facias,
998 1038 1095 1100 etiam
1124 1059 1183 1121 pro
1211 1036 1298 1100 felici
1394 1075 1396 1080 ·

106 1149 193 1204 statu
217 1149 351 1203 sanctae
374 1140 541 1218 ecclesiae,
566 1162 659 1225 quae,
683 1149 719 1203 ut
742 1140 852 1217 fertur,
876 1141 940 1203 imo
968 1149 1000 1203 11
1023 1140 1123 1204 oculis
1146 1142 1297 1219 cernitur,

105 1245 300 1327 grauissime
331 1251 399 1307 tam
429 1245 462 1307 in
495 1247 609 1329 capite,
641 1266 739 1329 quam
760 1245 794 1308 in
817 1244 970 1308 membris
993 1244 1200 1329 periclitatur.
1246 1244 1299 1309 De

104 1348 313 1430 grauioribus
336 1348 613 1433 atrocioribusque
636 1347 877 1412 discriminibus
900 1349 1041 1424 timetur,
1066 1349 1127 1410 nisi
1150 1372 1218 1426 nos,
1243 1351 1299 1433 qui

103 1450 248 1534 religiosi
275 1474 433 1515 vocamur
455 1460 496 1530 11,
527 1453 560 1515 ni
592 1451 695 1533 fallor,
729 1474 847 1530 sumus,
872 1454 956 1515 inter
979 1452 1076 1517 deum
1099 1461 1131 1515 11
1153 1452 1299 1516 homines

104 1557 310 1619 extiterimus
333 1557 527 1620 mediatores
550 1557 653 1620 stira
676 1555 728 1620 dei
751 1554 880 1641 placata
899 1557 1121 1620 remissionem
1136 1565 1169 1620 11
1183 1579 1298 1641 paoem

104 1659 224 1744 populo
261 1660 314 1723 dei
346 1661 465 1723 nostris
499 1659 698 1723 orationibus
732 1669 764 1722 11
798 1661 859 1744 piis
895 1659 1046 1744 operibus
1084 1660 1296 1725 obtineamus,

105 1760 283 1827 Caeterum
305 1763 444 1827 arbitror
465 1771 497 1826 11
520 1785 581 1826 111
604 1765 704 1827 tutius
726 1785 787 1826 nec
812 1765 930 1827 certius
952 1786 1047 1849 posse
1070 1764 1113 1828 ad
1135 1786 1187 1828 me
1219 1765 1297 1828 dare

105 1866 226 1949 literas,
259 1869 321 1932 uisi
345 1868 573 1932 committendo
597 1890 652 1930 eas
675 1869 770 1931 matri
792 1889 894 1945 meae,
925 1876 961 1930 ut
983 1870 1054 1953 ipsa
1076 1891 1136 1954 per
1158 1869 1299 1953 aliquem

106 1972 361 2053 veredariorum,
394 1973 448 2056 qui
478 1971 665 2056 frequenter
695 1980 751 2035 aut
783 1993 825 2034 ex
852 1980 961 2036 nostro
984 1972 1205 2055 Egmondensi
1229 1994 1299 2036 coe-

106 2074 204 2140 nobio
236 2084 292 2139 aut
322 2075 392 2140 aliis
420 2077 579 2159 contiguis
602 2076 681 2139 locis
705 2076 747 2139 ad
770 2075 901 2140 domum
924 2077 992 2139 eius
1015 2076 1188 2154 diuertunt,
1220 2076 1299 2141 mihi

106 2179 177 2244 illas
200 2182 406 2245 transmittat.
435 2179 469 2244 Si
491 2190 600 2244 tamen
622 2190 751 2266 praesto
775 2189 860 2244 esset
883 2181 967 2244 lidus
990 2180 1105 2265 aliquis
1127 2203 1168 2245 ac
1191 2189 1298 2246 certus

107 2287 256 2367 nuncius,
291 2307 403 2369 posses
433 2307 537 2370 aeque
568 2284 736 2350 commode
768 2307 828 2370 per
857 2284 947 2347 illum
977 2286 1113 2349 mittere.
1158 2285 1242 2350 Vale
1264 2287 1298 2350 in

106 2390 288 2453 visceribus
305 2388 424 2452 Christi
440 2389 524 2470 Iesu,
541 2397 574 2452 11
590 2388 780 2453 commenda
802 2410 854 2453 me
874 2388 1054 2453 venerabili
1077 2397 1185 2453 vestro
1201 2390 1299 2474 priori

105 2493 220 2557 Ioanni
237 2493 391 2570 Arnoldo,
416 2493 554 2557 adhaec
576 2495 734 2579 suppriori
751 2503 783 2557 et
797 2495 999 2579 praeceptori
1013 2502 1077 2570 tue,
1102 2515 1238 2578 quorum
1253 2493 1298 2556 fa-

107 2599 172 2661 cies
195 2621 302 2682 nuper
323 2598 392 2662 vidi
416 2607 449 2660 11
471 2597 541 2660 aliis
565 2597 704 2682 denique
727 2597 873 2682 patribus
896 2606 928 2660 11
951 2596 1117 2679 fratribus,
1141 2605 1299 2682 quatenus

106 2705 228 2766 mutuis
244 2703 345 2766 adiuti
359 2710 367 2745 ¹
383 2702 581 2766 orationibus
596 2701 722 2766 facilius
745 2703 788 2766 ad
810 2710 976 2765 aeternam
999 2701 1143 2786 gloriam.
1167 2701 1299 2786 Raptim

106 2829 145 2870 ac
170 2806 272 2872 debili
294 2830 394 2882 manu
416 2829 459 2870 ex
481 2806 614 2870 abbatia
628 2805 858 2890 Egmondensi,
888 2807 1009 2870 ordinis
1032 2807 1099 2870 diui
1119 2807 1298 2870 Benedicta

105 2912 211 2997 pridie
228 2912 301 2976 idus
316 2911 404 2977 Julii.
433 2912 486 2976 De
509 2914 654 2995 cognatis
678 2921 711 2974 11
732 2912 844 2975 amicis
867 2911 946 2976 nihil
969 2913 1138 2998 speciatim
1159 2912 1300 2975 occurrit

106 3016 336 3096 scribendum,
366 3038 442 3079 nam
464 3015 543 3079 mihi
565 3037 629 3079 non
652 3011 807 3080 scribunt.
853 3015 968 3100 Neque
992 3017 1078 3078 enim
1099 3015 1185 3079 infra
1210 3014 1298 3079 bien-

104 3122 197 3184 nium
221 3122 396 3204 quioquam
417 3119 496 3183 mihi
518 3119 684 3183 literarum
706 3121 832 3183 misere.
864 3119 1016 3183 Intellexi
1039 3127 1150 3182 tamen
1172 3120 1214 3184 ab
1237 3118 1297 3197 his,

103 3226 161 3307 qui
184 3246 238 3287 me
260 3223 387 3287 illorum
408 3226 538 3287 nomine
561 3223 729 3310 aliquoties
753 3223 942 3305 salutarunt,
974 3245 1029 3288 eos
1061 3232 1150 3287 11111
1177 3222 1297 3287 valere.

104 3328 157 3392 Tu
180 3328 317 3391 forsitan
340 3327 434 3414 plura
455 3329 540 3392 nosti
559 3336 594 3390 11
616 3328 816 3413 frequentius
839 3327 965 3392 illorum
988 3327 1088 3391 literis
1106 3327 1297 3391 consolaris.

103 3432 234 3497 Verum
256 3431 336 3496 nihil
359 3455 466 3497 moror
488 3435 550 3496 ista
572 3453 633 3496 nec
657 3433 844 3515 discrucior,
867 3432 962 3497 modo
986 3431 1031 3495 illi
1055 3441 1087 3495 et
1110 3453 1243 3517 corpore
1267 3439 1299 3494 et

102 3539 215 3602 animo
239 3535 378 3616 valeant,
403 3537 489 3623 quod
512 3537 610 3602 deum
632 3559 723 3601 orare
746 3561 811 3602 non
834 3558 935 3601 cesso.
958 3537 1101 3602 Rursum
1123 3535 1206 3600 vale.

211 3660 267 3711 Ans
288 3662 349 3711 dem
368 3661 433 3712 cod.
451 3662 517 3711 Hor.
534 3660 566 3711 A.
584 3677 609 3726 p.
628 3660 689 3712 311.

101 3769 175 3778 —u—--

147 3819 156 3852 ¹
176 3821 216 3868 Ist
234 3823 304 3869 ctwa
322 3833 413 3867 sumus
430 3817 500 3868 nach
518 3817 603 3867 adiuti
621 3815 806 3902 anagefallcn?

591 4022 821 4088 Berichtigung.

212 4149 245 4197 In
262 4147 333 4197 Note
352 4149 366 4197 7
385 4163 419 4197 au
438 4163 476 4197 nr.
489 4148 566 4197 XXX
578 4145 686 4198 sntfa'llt
698 4146 742 4196 die
753 4146 920 4197 irrthiimlieh
932 4148 1113 4213 angebrachtc
1126 4148 1298 4214 Bemerkung

101 4251 161 4284 von
181 4234 260 4300 ‚Vglf
278 4236 319 4285 bis
337 4235 471 4297 ‚Curtius

212 4324 244 4373 In
263 4338 302 4372 ur.
321 4323 418 4373 LVIII.
436 4323 472 4371 ist
489 4326 554 4372 statt
571 4323 743 4372 instrumenti
760 4323 934 4374 Instrumenti
951 4338 986 4372 111
1003 4320 1086 4374 lesen.
