3320 5742
75 576 179 650 [749]
390 587 492 627 &amns
505 596 547 626 von
561 585 687 626 Rotterdem
701 585 745 625 und
758 585 866 626 Martinus
879 584 974 634 Lipsius.

640 867 729 930 LIV.
955 888 978 936 6.
997 886 1148 936 November
1168 887 1243 935 1525.

75 1089 263 1146 Martinus
298 1087 452 1154 Lypsius
483 1085 727 1140 Bruxellensis
762 1085 957 1140 venerabili
992 1084 1066 1138 viro
1102 1084 1277 1152 Stephano

168 1192 377 1248 Heetueldio
400 1191 569 1254 Bruxell„
592 1189 701 1256 priori
725 1187 972 1246 canonicorum
996 1187 1200 1245 monasterii

461 1289 732 1352 Rubeaeuallisl
755 1295 786 1350 S.
810 1293 846 1348 P.
871 1293 909 1349 D.

193 1499 303 1563 Multis
327 1498 456 1566 diuinae
491 1499 669 1583 scripturae
699 1497 787 1579 locis,
810 1505 903 1582 pater
929 1497 1126 1578 venerande,
1159 1505 1281 1582 quanta

82 1606 186 1670 nobis
210 1625 280 1668 esse
305 1603 423 1668 debeat
452 1603 560 1666 famae
584 1625 671 1684 cura,
695 1601 767 1666 luce
800 1601 918 1666 elarius
949 1591 1135 1666 ostenditur.
1165 1601 1280 1664 Diuer

82 1733 164 1774 sum
188 1711 361 1773 sentientes
384 1707 492 1794 palam
514 1707 680 1791 redarguit
702 1706 781 1771 illud
809 1708 963 1792 sapientis
987 1705 1116 1769 celebre
1140 1705 1280 1769 dictum:

81 1813 249 1893 ,Crudehs
273 1813 400 1898 estqui
431 1811 551 1876 famam
580 1811 738 1897 negligit‘
782 1811 888 1875 Diuus
912 1831 1039 1896 quoque
1062 1811 1281 1895 Hieronymus

80 1924 120 1984 in
153 1917 288 2004 epistola
319 1917 362 1981 ad
384 1915 573 1994 Celantiam,
607 1918 698 1980 6111116
728 1916 855 1980 initium
877 1915 980 1979 Vetus
1009 1917 1170 2001 scriptura
1201 1914 1280 1978 cele-

80 2027 185 2090 brata
214 2025 374 2088 sententia
404 2032 454 2086 est
483 2025 538 2086 et²
567 2043 632 2108 qua
661 2023 714 2106 pie
737 2020 869 2084 uiuendi
899 2030 1076 2106 praecepta
1098 2020 1205 2097 tradit,
1237 2022 1282 2084 ita

82 2132 249 2216 loquitur:
282 2126 470 2214 ,Apostolioi
494 2135 526 2190 et
547 2129 713 2213 praecepti
744 2135 792 2190 est
814 2135 847 2189 et
869 2126 1021 2211 exempli,
1044 2135 1081 2189 ut
1103 2124 1281 2190 habeamus

82 2237 248 2300 rationem
269 2255 335 2298 non
363 2234 578 2297 conscientiae
606 2242 741 2310 tantum,
773 2230 832 2296 sed
863 2233 961 2296 etiam
984 2232 1112 2296 famae.‘
1158 2231 1198 2295 Id
1222 2232 1282 2293 etsi

85 2349 207 2405 exacte
230 2340 435 2425 perspexerit
456 2339 529 2424 piae
551 2339 725 2402 memoriae
748 2337 892 2402 Joannes
924 2335 1159 2421 Rampardus,3
1191 2357 1282 2421 prae·

85 2445 244 2510 decessor
274 2453 358 2519 tuus,
390 2445 444 2528 qui
475 2463 549 2506 cum
575 2442 683 2506 multis
714 2444 806 2506 annis
837 2443 875 2518 ei,
907 2443 958 2503 cui
982 2451 1018 2504 tu
1039 2461 1126 2505 nunc
1155 2460 1280 2525 praees,

85 2549 226 2633 collegio
248 2547 401 2634 pastorali
425 2546 638 2611 sollicitudine
661 2546 861 2632 praefuisset,
886 2547 930 2609 ita
946 2555 978 2609 61
994 2567 1071 2609 suae
1095 2553 1127 2607 et
1149 2567 1280 2608 suorum

85 2656 179 2717 vitae
201 2653 359 2716 rationem
381 2653 527 2733 instituit,
551 2661 587 2714 ut
615 2650 703 2714 nulla
731 2652 850 2714 sinistri
880 2651 1016 2714 rumoris
1046 2649 1120 2714 labe
1151 2651 1281 2735 aspergi

86 2759 234 2846 potuerit
255 2779 413 2842 unquam:
443 2756 522 2820 nihil
552 2766 662 2821 tamen
692 2756 832 2840 ambigo,
864 2757 942 2841 quin
964 2765 1000 2820 tu
1023 2757 1150 2819 eximiis
1181 2757 1281 2819 animi

85 2867 137 2928 tui
161 2862 291 2927 dotibus
313 2863 414 2926 fretus
444 2861 489 2925 illi
518 2861 660 2946 palmam
692 2863 736 2924 sis
766 2870 1005 2946 praerepturas.
1052 2859 1116 2926 Sed
1147 2861 1281 2925 forsitan

87 2969 225 3035 obiiciet
256 2969 346 3052 quis:
390 2989 477 3030 nunc
507 2968 660 3052 temporis
689 2987 754 3030 non
784 2966 879 3031 modo
912 2966 1057 3043 arduum,
1091 2967 1148 3030 sed
1171 2973 1203 3029 et
1224 2967 1280 3030 im-

85 3073 246 3160 possibile
270 3081 318 3136 est
340 3071 463 3136 nullum
493 3072 600 3136 famae
630 3070 859 3134 detrimentum
886 3073 1022 3156 perpeti.
1069 3069 1280 3156 Respondore

85 3199 221 3264 possem
244 3177 329 3240 hanc
344 3197 416 3240 esse
430 3197 545 3240 uocem
561 3177 701 3260 pectoris
717 3177 837 3260 exigua
851 3175 992 3260 praediti
1008 3173 1142 3239 fiducia:
1167 3196 1281 3238 verum

86 3283 170 3368 quia
192 3289 281 3345 aetas
303 3279 385 3344 haec
407 3301 487 3364 prae
510 3281 648 3344 caeteris
671 3280 913 3365 corruptissima
936 3301 1006 3343 esse
1030 3280 1217 3361 dinoscitur,
1248 3281 1284 3343 111

85 3387 277 3473 praesentia
298 3386 333 3449 id
354 3405 418 3448 non
449 3383 610 3449 refellam:
645 3385 703 3448 sed
727 3395 813 3448 certe
836 3406 899 3470 quo
922 3387 1025 3469 magis
1048 3385 1195 3466 arduum,
1219 3405 1281 3469 quo

86 3490 238 3556 seculum
269 3490 465 3572 sceleratius,
497 3489 635 3576 denique
670 3511 732 3575 quo
763 3490 894 3554 sordida
924 3490 1138 3575 sycophantia
1168 3497 1283 3574 regnat

85 3597 265 3682 impunius,
296 3595 358 3660 hoc
393 3596 658 3679 circumspectius
688 3595 880 3677 cauendum,
911 3617 952 3658 ne
985 3597 1046 3680 ipsi
1080 3597 1282 3659 occasionem

86 3699 308 3788 praebeamus
339 3699 639 3764 calumniatoribusz
673 3702 737 3763 11116
768 3707 925 3785 quantum
954 3701 987 3762 in
1017 3699 1109 3763 nobis
1144 3706 1201 3775 est,
1237 3701 1281 3764 ita

88 3813 221 3872 nostras
243 3814 460 3890 temperemus
484 3807 635 3882 actiones,
659 3827 701 3868 ne
725 3807 876 3891 cuiquam
892 3806 941 3886 sit,
966 3805 1052 3890 quod
1067 3803 1280 3889 probabiliter

86 3912 195 4000 possit
217 3912 250 3974 in
271 3910 365 3974 nobis
390 3910 587 3974 calumniari.
633 3910 726 3974 Haeo
750 3909 831 3991 11166,
862 3917 964 3995 pater,
996 3930 1060 3972 non
1093 3909 1179 3995 quod
1202 3931 1282 3995 opus

87 4028 121 4083 te
146 4015 269 4080 habere
294 4037 446 4080 censeam
468 4038 520 4079 me
543 4017 709 4093 monitore,
725 4014 793 4079 ‘sed
815 4024 851 4079 ut
874 4014 1046 4098 declarem,
1072 4015 1149 4101 quid
1172 4017 1281 4098 animi,

136 4247 144 4280 ¹
163 4246 220 4296 Das
237 4247 429 4295 Monasterium
447 4243 620 4294 Rubeauallis
638 4244 719 4310 vulgo
738 4245 830 4295 Roode
843 4245 964 4295 Olooster
982 4261 1036 4296 war
1054 4248 1098 4295 6111
1110 4244 1281 4311 Augustinor-

162 4333 264 4384 kloster
281 4336 317 4382 1111
336 4331 526 4383 Zonta-Walde
544 4333 587 4382 bei
606 4332 722 4382 Brttssel.
741 4332 778 4382 St.
798 4333 931 4395 Heetvelt,
950 4333 997 4383 dsr
1015 4332 1133 4383 daselbst
1152 4335 1217 4382 1521
1243 4334 1283 4382 bis

165 4422 231 4470 1529
251 4422 326 4472 Prior
344 4435 406 4484 war,
425 4419 579 4470 schmitckt'e
598 4419 645 4468 das
658 4418 729 4468 Ohor
741 4421 790 4469 mit
807 4421 924 4470 6611111611
943 4419 1063 4470 Sttthlen.
1083 4419 1123 4469 Of.
1144 4419 1279 4470 sanderus

163 4509 182 4558 1.
196 4525 218 4558 6.
237 4509 271 4558 Π.
289 4510 332 4560 46.

135 4597 147 4634 ²
164 4601 192 4645 et
210 4600 260 4645 cet.

133 4683 146 4716 ³
163 4683 190 4732 J.
208 4682 351 4748 Rampaert
373 4696 422 4732 aus
440 4680 548 4732 Brtlssel
571 4682 661 4731 wurde
685 4683 752 4730 1494
770 4682 846 4731 Prior
867 4680 904 4730 im
928 4681 1030 4742 ,rothen
1048 4681 1173 4741 Kloster‘,
1200 4682 1281 4730 bauto

164 4769 217 4819 den
235 4783 324 4818 neuen
342 4767 412 4818 Cher
430 4768 485 4818 und
504 4769 575 4818 starb
595 4769 670 4818 1521.
708 4767 747 4818 Of.
768 4768 900 4819 sanderus
918 4768 935 4817 l.
955 4784 977 4818 c.
995 4769 1029 4818 II.
1048 4769 1090 4817 46.
