3320 5742
94 547 193 624 [747]
400 558 501 599 Erasmus
514 569 556 598 von
570 557 694 600 Rotterdam
709 558 754 599 und
768 559 875 599 Martinus
889 559 985 610 Lipsius.
1246 543 1288 608 85
1379 615 1380 618 ¹

95 758 233 802 suorum
266 745 400 822 quaerat
432 734 611 811 utilitatem,
647 735 758 798 velut
787 737 916 820 tyranni
950 757 1037 800 more
1071 736 1150 802 nihil
1183 738 1288 802 minus

93 864 198 928 quam
222 840 358 906 salutem
388 849 420 904 et
450 841 726 904 concertationem
758 862 887 905 suorum
917 840 1036 905 habeat
1066 863 1161 906 curae
1191 852 1287 928 atque

93 949 209 1012 omnia
230 949 263 1011 in
287 968 380 1012 suum
403 944 518 1009 fiscum
542 955 696 1030 tanquam
717 947 751 1008 in
775 955 942 1031 pertusum
965 945 1086 1011 dolium
1109 947 1287 1032 congerat?

92 1052 216 1116 Nonne
232 1052 314 1116 haec
329 1051 479 1136 patientis
495 1051 773 1135 permittentisque
790 1059 822 1114 et
838 1050 960 1114 scelera
974 1051 1139 1116 hominum
1155 1073 1288 1136 arguen-

91 1160 140 1222 tis
164 1180 203 1223 ac
226 1157 387 1242 punientis
410 1155 463 1220 dei
486 1163 560 1218 sunt
582 1154 704 1240 opera?
750 1153 837 1235 Quid
869 1156 967 1239 igitur
995 1156 1150 1222 inuidiam
1181 1157 1289 1222 iacere

92 1262 194 1327 nobis
216 1260 338 1338 volunt,
363 1259 449 1344 quod
472 1259 649 1323 dixerimus
673 1257 791 1324 Christi
815 1260 929 1345 spiritu
951 1260 1084 1324 missum
1106 1261 1288 1326 Luterum?

93 1367 186 1432 Nam
208 1365 294 1429 hunc
317 1386 507 1449 germanum
529 1363 591 1428 loci
607 1364 701 1427 huius
717 1385 788 1428 esse
805 1365 1002 1430 intellectum
1025 1367 1171 1451 superior
1194 1388 1288 1452 quae-

94 1471 176 1536 dam
190 1466 353 1556 ‘epistolae
385 1470 543 1534 sententia
577 1469 729 1546 declarat,
762 1465 826 1554 qu'a
848 1492 912 1534 non
936 1472 1042 1534 omnia
1064 1471 1171 1557 ipsum
1200 1481 1289 1535 recte

95 1577 225 1642 dixisse
247 1596 365 1639 assero.
411 1573 619 1638 Inmitttmtur
651 1573 820 1660 aliquoties
850 1577 884 1638 in
913 1574 1060 1639 homines
1089 1597 1148 1661 per
1170 1574 1290 1640 Christi

95 1682 249 1768 spiritum
284 1682 380 1744 etiam
413 1678 506 1756 mala,
541 1688 577 1743 ut
609 1687 773 1765 torpentes
796 1680 866 1743 ocio
901 1679 1050 1744 mortales
1081 1689 1114 1744 et
1139 1683 1289 1764 ignauiae

94 1787 256 1873 luxuique
280 1783 381 1850 dediti
404 1785 586 1850 excitentur
608 1806 668 1848 ceu
691 1784 817 1850 stimulo
840 1785 882 1850 ad
908 1787 1069 1850 virtutem.
1114 1785 1291 1850 Iumittitur

95 1916 118 1957 a
143 1892 205 1956 deo
228 1889 359 1956 afflictio
383 1896 478 1976 atque
503 1888 677 1967 calamitas,
701 1899 738 1954 ut
757 1889 936 1976 probentur
965 1892 998 1955 in
1021 1893 1146 1956 camino
1169 1893 1290 1978 patieu-

95 2000 165 2062 tiae
189 1995 301 2060 fideles
325 2005 358 2060 et
380 1996 544 2081 specimen
566 1994 745 2081 praebeant
766 1996 914 2060 iusticias
936 2005 969 2080 et
991 1997 1194 2080 integritatis.
1226 1996 1290 2080 Ex·

97 2105 243 2167 citantur
265 2110 298 2167 et
319 2100 470 2166 haereses
494 2101 616 2165 sinente
640 2102 753 2186 spiritu
776 2098 903 2178 Christi,
935 2121 998 2184 quo
1021 2102 1142 2165 veritas
1173 2101 1290 2166 clarius

97 2207 279 2272 illucescat.
320 2205 401 2272 Ocio
416 2215 450 2270 et
464 2205 545 2271 luxu
560 2207 662 2270 omnis
678 2207 776 2270 animi
791 2206 894 2270 virtus
909 2205 1042 2290 languet
1053 2227 1092 2270 ac
1108 2215 1289 2284 eneruatun

96 2313 246 2397 negociis
278 2333 317 2377 ao
349 2309 593 2376 difficultatibus
624 2310 833 2375 confirmatur
856 2320 888 2373 et
916 2311 1019 2375 maior
1049 2333 1087 2374 ac
1119 2309 1235 2376 clarior
1257 2313 1290 2376 in

100 2419 175 2483 dies
199 2417 318 2481 euadit.
365 2413 523 2480 Secundis
550 2416 637 2479 enim
659 2414 757 2480 rebus
786 2416 926 2501 impunc,
951 2424 986 2479 ut
1009 2415 1171 2501 plerisque
1202 2416 1290 2481 vide·

97 2533 162 2600 tur,
188 2521 264 2586 licet
286 2542 356 2585 esse
380 2521 529 2598 remissis,
563 2518 697 2584 reflante
720 2529 827 2584 autem
850 2519 978 2584 fortuna
1004 2521 1183 2606 praesentis
1206 2518 1287 2608 peri-

99 2626 167 2694 culi
197 2635 302 2693 metus
335 2627 369 2688 in
401 2629 541 2690 aurem1⁴
564 2625 669 2689 ociose
702 2624 839 2689 dormire
872 2647 936 2689 non
966 2626 1049 2688 sinit.
1095 2624 1169 2689 Meo
1192 2627 1290 2709 igitur
1370 2691 1372 2696 ,

101 2730 282 2820 qualiquali
305 2730 424 2795 iudicio
447 2729 638 2794 mendacem
660 2729 746 2794 huno
769 2728 959 2814 prophetam
982 2738 1170 2794 cunctorum
1200 2752 1290 2815 prae-

98 2839 189 2902 scius
213 2835 331 2902 Christi
355 2837 485 2921 spiritus
508 2836 683 2912 suscitauit,
708 2855 771 2920 quo
794 2834 976 2900 uberiorem
1000 2845 1143 2919 segetem
1165 2858 1204 2900 ac
1227 2837 1290 2899 vir-

99 2944 181 3008 tutis
204 2941 372 3006 materiam
395 2939 487 3005 nobis
509 2938 689 3026 praeberet,
714 2960 777 3023 quo
800 2939 985 3005 desidentes
1010 2938 1222 3005 somniculose
1246 2940 1288 3004 ad

99 3045 325 3135 gubernacula
370 3045 681 3131 rerumpublicarum
725 3044 960 3129 gubernatores
1004 3046 1104 3110 veluti
1142 3069 1161 3110 a
1198 3049 1291 3130 gratu

99 3151 248 3237 lethargo
280 3150 553 3236 expergefaceret,
583 3157 619 3212 ut
641 3149 734 3212 fessis
757 3149 855 3214 rebus
879 3159 1104 3214 succurrerent
1126 3159 1159 3215 et
1181 3151 1290 3237 populi

99 3279 210 3324 mores
233 3257 426 3342 deprauatos
449 3277 489 3319 ac
512 3263 678 3341 corruptos
705 3257 738 3318 in
761 3254 875 3320 melius
898 3256 1110 3320 reformarent
1132 3277 1194 3319 nec
1225 3256 1291 3321 diu-

101 3365 171 3428 tius
194 3363 305 3427 diuina
328 3371 360 3426 et
381 3361 523 3426 humana
546 3362 688 3426 sinerent
710 3362 906 3446 permisceri.

211 3465 290 3544 ,Nec
314 3465 455 3531 offendat
474 3474 506 3528 te
522 3475 630 3530 noster
653 3465 809 3547 cucullus,
833 3467 909 3550 quia
924 3488 988 3530 non
1004 3487 1063 3550 ego
1080 3463 1207 3543 cuculli,
1233 3466 1291 3530 sed

100 3570 251 3638 cucullus
283 3592 374 3660 meus
397 3578 465 3634 est‘
511 3569 693 3636 Statueram
728 3570 877 3655 equidem
910 3570 997 3634 hunc
1028 3570 1134 3635 locum
1168 3571 1291 3635 silentio

99 3673 289 3766 praeterire,
314 3675 400 3760 quod
422 3697 480 3761 per
504 3697 537 3739 se
567 3675 645 3739 mihi
668 3677 858 3762 perspicuus
888 3675 1060 3740 videretur
1076 3685 1109 3739 et
1131 3676 1292 3742 dilucidus

100 3781 247 3867 nihilque
270 3780 391 3846 habere
420 3783 581 3868 peregrini
611 3790 667 3846 aut
697 3791 866 3867 suspectae
897 3781 959 3845 hac
989 3790 1095 3846 aetate
1129 3783 1290 3846 nouitatis.

101 3887 188 3954 Cum
211 3887 411 3973 opportune²
433 3885 511 3950 mihi
533 3887 679 3950 venitin
701 3897 851 3963 mentem,
875 3885 954 3950 nihil
978 3907 1049 3949 esse
1065 3894 1132 3951 tam
1147 3886 1291 3952 lucidum

101 4003 136 4058 ct
160 4000 316 4078 apertum,
349 3993 401 4056 cui
423 4012 488 4055 non
515 3990 635 4056 offimdi
667 3991 821 4056 tenebrae
853 4000 1039 4078 possent.et
1062 3990 1180 4076 caligo:
1211 3991 1290 4056 nihil

101 4119 177 4162 esse
215 4105 282 4162 tam
320 4095 508 4182 expeditum
538 4104 570 4161 et
606 4093 710 4173 facile,
742 4096 828 4181 quod
855 4118 919 4160 non
951 4094 1167 4160 disseminatis
1197 4097 1293 4160 male-

102 4201 268 4268 uolcntiae
292 4202 394 4287 spinis
417 4223 456 4266 ac
479 4200 602 4266 tribolis
618 4201 841 4288 praepeditum
859 4210 956 4286 atque
972 4200 1147 4264 offensione
1162 4199 1292 4286 plenum

101 4306 311 4371 redderetur:
343 4305 422 4370 nihil
453 4327 524 4369 esse
552 4305 674 4371 dictum
705 4307 790 4370 omni
813 4314 968 4390 exparte
1000 4313 1066 4368 tam
1090 4303 1228 4368 candide
1252 4328 1290 4369 ao

102 4414 356 4497 circumspecte,
397 4409 484 4494 quod
517 4431 581 4474 non
615 4417 725 4495 posset
762 4410 891 4472 sinistra
927 4409 1191 4494 interpretatione
1229 4408 1291 4472 alio

148 4658 156 4693 ¹
174 4656 404 4708 Wahrscheinlich
422 4659 466 4706 ein
484 4658 601 4722 Particip
620 4659 669 4706 wie
686 4658 854 4706 insusurrans
871 4655 1047 4722 ausgetallen.

147 4744 158 4780 ²
176 4749 313 4811 oportune.
