3320 5742
92 521 197 596 [733]
407 534 508 574 Erasmus
523 545 563 574 von
578 533 703 574 Rctterdam
717 534 762 574 und
776 534 883 575 stu-tuus
896 534 992 585 Lipsius.
1250 521 1288 584 71

94 708 235 786 subditi,
259 709 395 774 habebis
418 732 476 774 nos
493 731 620 795 semper
638 712 866 796 paratissimos.
911 711 1002 775 Bene
1017 711 1124 775 valeat
1138 713 1177 775 R.
1193 713 1236 775 D.
1252 711 1290 774 Τ.

93 813 236 898 Raptim
266 836 308 877 ex
335 814 468 897 collegio
491 815 746 892 Martinensium,
772 817 804 879 in
827 816 995 901 metropoli
1017 816 1214 880 Louaniensi
1237 816 1292 880 du-

95 928 197 982 catus
219 919 414 996 Brabantici,
437 921 556 983 mensis
578 919 747 984 Februarii
771 920 823 984 die
845 921 1001 1004 trigesima
1024 943 1074 985 an.
1105 920 1194 984 1524.

208 1042 263 1092 Aus
281 1041 341 1093 dem
359 1041 423 1093 cod.
442 1043 506 1096 Hor,
524 1043 556 1095 A.
574 1061 599 1109 p.
619 1044 670 1094 91.’

679 1269 717 1332 L.
1070 1290 1185 1339 161111
1205 1291 1292 1340 11141

98 1472 143 1525 D.
159 1468 351 1525 Godefrido
367 1471 571 1534 Breehtano‚
592 1471 629 1526 in
644 1470 792 1536 collegio
808 1471 1098 1527 'I'hronicolarum
1113 1472 1293 1536 canonico,

445 1576 475 1630 S.
492 1575 530 1630 D.
547 1576 583 1631 P.
600 1575 774 1631 Martinus
790 1576 952 1643 hypsius.

209 1761 279 1824 Nec
309 1782 382 1824 mea
410 1783 471 1824 nec
503 1770 658 1844 cognatae
685 1769 759 1824 tuae
787 1761 983 1844 negligentia
1006 1762 1211 1824 commissum
1235 1771 1291 1838 est,

101 1877 140 1929 ut
163 1865 291 1930 libellus
313 1875 386 1928 tuus
410 1874 491 1930 stato
513 1875 657 1950 ternpore
680 1865 722 1929 ad
737 1874 769 1928 te
784 1887 849 1929 non
864 1864 1003 1942 redierit,
1028 1864 1087 1928 sed
1101 1865 1175 1929 laici
1191 1867 1294 1929 cuius-

103 1970 182 2034 dam
211 1970 308 2055 culpa
336 1970 462 2034 accidit.
507 1970 593 2034 Nam
623 1978 780 2055 quantum
809 1969 851 2033 ad
878 1991 930 2033 me
960 1971 1082 2047 attinet,
1115 1992 1157 2033 ex
1188 1972 1293 2034 animo

102 2075 227 2160 loquor,
244 2074 353 2139 malim
368 2074 497 2160 quiduis
511 2076 645 2160 perpeti,
669 2097 766 2160 quam
781 2076 958 2138 amicorum
973 2077 1159 2160 quempiam
1174 2074 1292 2140 fallere.

103 2177 278 2243 Caeterum
311 2178 360 2242 his
394 2181 517 2244 omissis
551 2178 655 2244 habeo
689 2179 824 2263 gratiam
854 2201 912 2264 pro
942 2179 1100 2243 beneficio
1130 2180 1293 2264 praestito,

103 2284 264 2348 relaturus
287 2286 391 2362 edam,
421 2286 447 2347 si
470 2284 605 2349 facultas
630 2284 840 2370 responderet
862 2285 978 2348 animo.
1024 2282 1089 2348 Sed
1111 2284 1294 2348 memineris

104 2411 162 2453 oro
185 2391 241 2466 rei,
273 2411 370 2474 quam
393 2390 451 2454 tibi
481 2390 638 2454 commisi:
666 2390 807 2474 reperies
833 2410 885 2453 me
911 2390 1158 2474 paratissimum,
1191 2389 1296 2453 sicubi

103 2503 161 2558 aut
183 2493 243 2558 tibi
265 2505 321 2558 aut
344 2494 539 2558 confratrum
561 2504 688 2559 tuorum
711 2496 851 2579 cuipiam
872 2494 1025 2579 prodesse
1045 2495 1183 2558 dabitur.
1228 2494 1296 2558 Ali-

104 2608 185 2685 quot
211 2621 288 2664 uero
319 2599 361 2663 ab
391 2598 466 2662 hine
496 2601 589 2663 annis
616 2600 676 2663 fuit
702 2599 780 2663 mihi
803 2600 928 2663 animus
952 2598 1114 2663 scribendi
1137 2599 1179 2662 ad
1203 2621 1295 2684 quos-

104 2705 182 2768 dam
198 2715 325 2768 vestrae
342 2704 518 2769 sodalitatis
534 2705 684 2782 eruditos,
707 2705 791 2769 facie
807 2705 938 2790 quidem
953 2706 1141 2788 incognitos,
1161 2704 1296 2768 etfama

103 2811 296 2887 notissimos,
329 2810 415 2895 quod
438 2833 627 2896 persuasum
649 2811 812 2888 haberem,
843 2833 902 2874 nos
925 2819 961 2874 ut
983 2809 1127 2874 eiusdem
1150 2809 1294 2886 instituti,

104 2916 195 3001 quod
218 2916 259 2979 ad
284 2916 370 2978 uitae
390 2938 492 3000 genus
512 2917 633 2992 attinet,
658 2917 703 2979 ita
718 2917 814 2980 etiam
830 2914 1005 2980 eorundem
1021 2937 1092 2978 esse
1109 2914 1295 2978 studiorum.

104 3022 150 3084 Et
173 3020 250 3105 quid
273 3041 393 3105 quaeso
416 3022 449 3083 in
470 3043 578 3084 rerum
597 3030 712 3084 natura
728 3019 929 3105 copulandae
944 3018 1173 3082 necessitudini
1190 3020 1296 3103 aptius

104 3124 284 3189 studiorum
306 3124 486 3209 parilitate?
528 3125 649 3210 Utique
671 3124 759 3188 nihil.
803 3123 900 3204 Quod
922 3147 963 3187 ne
984 3146 1093 3187 meum
1116 3146 1187 3188 esse
1212 3145 1295 3187 eom-

103 3238 249 3294 mentum
283 3238 396 3314 putent
430 3230 608 3294 studiorum
639 3229 756 3307 hostes,
793 3251 872 3314 quos
905 3228 1059 3314 plurimos
1094 3250 1164 3292 esse
1198 3228 1296 3313 idque

103 3335 308 3420 potissimum
323 3336 356 3397 in
372 3336 571 3398 monasteriis
592 3335 750 3419 experior,
775 3333 886 3397 diuum
901 3332 1034 3396 audiant
1048 3333 1294 3417 Hieronymum,

102 3439 194 3503 idem
216 3440 249 3502 in
273 3461 331 3501 sua
357 3438 399 3501 ad
421 3439 593 3502 Paulinum
620 3437 754 3524 epistola
781 3447 987 3502 asserentem.
1034 3437 1151 3515 ,Vera,‘
1182 3438 1295 3522 inquit,

105 3552 167 3620 ,est
189 3543 243 3606 illa
265 3542 468 3606 necessitudo
492 3541 674 3628 Christique
697 3542 820 3626 glutino
844 3542 1002 3627 copulata,
1033 3565 1097 3605 non
1126 3564 1223 3627 quam
1249 3543 1297 3605 rei

104 3647 271 3712 familiaris
293 3647 412 3710 utilitas
435 3657 490 3711 aut
506 3648 688 3733 praesentia
703 3670 873 3733 corporum
888 3656 944 3712 aut
960 3646 1096 3711 subdola
1111 3656 1143 3710 et
1158 3645 1295 3732 palpans

104 3752 256 3829 adulatio,
281 3752 337 3815 sed
354 3774 450 3836 quam
467 3762 574 3815 castus
590 3753 642 3816 dei
658 3754 752 3816 timor
769 3761 944 3836 sanctaque
962 3751 1143 3816 diuinarum
1164 3753 1297 3836 scriptu-

58 3879 60 3882 ’
103 3879 215 3922 rarum
250 3857 355 3920 studia
389 3856 579 3921 conciliant‘
625 3857 725 3921 Porro
758 3857 840 3921 haec
873 3855 1035 3922 scribendi
1066 3857 1201 3933 occasio,
1237 3858 1297 3919 etsi

105 3985 171 4027 non
195 3963 323 4026 omnino
346 3961 426 4025 leuis
454 3962 531 4025 mihi
554 3961 726 4039 videretur,
759 3985 778 4026 a
807 3984 859 4025 me
889 3972 998 4026 tamen
1029 3960 1071 4024 ad
1102 3961 1164 4026 hoc
1194 3983 1297 4048 usque

105 4079 234 4152 tempus
262 4075 390 4151 arrepta
419 4089 483 4131 non
514 4076 570 4144 est,
603 4067 707 4131 donec
738 4076 770 4130 et
800 4065 886 4131 aliud
918 4068 1091 4152 quiequam
1118 4075 1222 4130 ortum
1249 4076 1298 4130 est

105 4194 233 4249 causae,
270 4171 311 4235 ob
342 4194 438 4256 quam
469 4181 599 4235 coactus
629 4171 732 4236 videri
764 4182 908 4257 poteram
940 4180 1085 4235 vestrum
1112 4172 1296 4256 quempiam

106 4278 187 4342 meis
209 4275 389 4359 nugacibus
416 4298 548 4340 onerare
576 4278 712 4363 scriptis.
759 4276 925 4362 Siquidem
958 4299 1032 4339 cum
1061 4276 1206 4338 certatim
1237 4276 1296 4338 sin-

106 4382 173 4466 guli
196 4383 358 4467 propriam
380 4383 413 4445 in
437 4382 613 4446 studiorum
635 4383 758 4446 ratione
789 4380 971 4466 delegeritis
994 4381 1203 4465 prouinciam,
1228 4402 1297 4465 pro-

107 4487 159 4550 cul
183 4486 427 4550 dubio'merum
450 4486 543 4550 vobis
565 4488 690 4570 ingeret
712 4487 877 4551 fastidium
899 4507 1116 4571 nauseamque
1143 4483 1295 4560 monebit,

150 4717 157 4750 ¹
177 4714 217 4764 Cf.
236 4716 320 4764 XLII.
339 4731 378 4764 nr.
396 4716 420 4763 4.
