3320 5742
79 500 116 571 [7
124 503 142 556 7
151 501 190 573 7]
377 572 381 577 .
420 516 520 556 Erasmus
535 527 574 556 von
591 516 713 556 Rottcrdam
728 517 771 557 und
786 518 894 558 Martinus
908 519 1003 569 Lipsius.
1253 508 1313 570 115

81 689 222 753 eodem
270 701 346 755 sunt
376 693 494 756 iudicio
525 715 643 778 eosque
674 696 767 778 parui
799 696 936 772 omnino,
969 719 1009 759 nc
1041 697 1147 761 dicam
1181 699 1311 776 minimi,

78 792 242 858 faciunt.
299 796 395 876 Quod
419 798 549 882 quidem
574 798 615 861 ob
631 798 693 862 hoc
709 799 762 861 vel
777 801 917 863 maxime
933 800 1081 879 dixerim,
1107 824 1169 886 quo
1186 809 1312 866 ansam¹

80 897 149 961 tibi
178 902 377 984 praebeam
400 903 520 966 diutius
544 902 629 967 hunc
653 903 771 966 librum
793 904 955 967 retinendi
985 921 1087 991 eoque
1118 907 1250 970 liberius
1273 930 1312 971 ac

79 1026 150 1087 pro
179 1014 277 1070 voto
299 1007 419 1071 utendi.
466 1005 565 1071 Cuius
588 1007 733 1093 profecto
756 1017 791 1071 ut
813 1000 917 1071 minor
940 1020 988 1073 est
1010 1013 1197 1088 aestimatio,
1221 1014 1313 1076 itaet

82 1131 177 1172 usus
206 1113 332 1188 rarior,
357 1133 420 1197 quo
443 1112 488 1189 fit,
513 1121 548 1175 ut
570 1114 685 1177 minori
708 1114 805 1177 etiam
828 1114 1031 1179 incommodo
1055 1138 1219 1180 eocarere
1242 1139 1312 1202 pos-

83 1222 214 1283 simus
275 1217 357 1281 Sunt
383 1240 434 1281 me
458 1217 566 1283 hercle
588 1219 650 1296 alii,
683 1241 763 1304 quos
786 1220 912 1304 longius
935 1222 1093 1304 asportari
1115 1231 1171 1284 aut
1194 1221 1312 1285 diutius

81 1325 224 1390 abesse
258 1322 350 1386 nulla
372 1324 494 1386 ratione
516 1332 710 1407 pateremur,
734 1334 770 1388 ut
793 1326 877 1388 vitas
893 1305 1036 1410 patrum,
1060 1324 1170 1389 Aurea
1194 1324 1313 1411 (paene

83 1431 268 1493 dixeram
295 1425 404 1512 aerea)
435 1425 582 1510 legenda,
613 1426 715 1490 Liber
742 1450 849 1512 apum,
880 1428 1049 1492 Profectus
1080 1429 1310 1512 religiosorum,

86 1533 210 1598 libelli
247 1531 360 1596 fratris
383 1530 526 1595 Thomas
557 1530 598 1593 de
620 1531 767 1616 Kompis.
801 1533 894 1596 Haec
921 1541 954 1595 et
975 1532 1009 1596 id
1031 1553 1134 1616 genus
1157 1533 1220 1597 alia
1242 1556 1311 1618 per-

88 1640 209 1704 multa
238 1638 385 1702 maximo
408 1635 495 1720 apud
518 1659 577 1700 nos
599 1638 631 1699 in
655 1639 764 1721 precio
788 1648 871 1716 sunt,
895 1640 1086 1723 praesertim
1109 1640 1134 1702 si
1150 1640 1252 1717 litera,
1276 1649 1312 1702 ut

87 1746 309 1830 loquuntur,
339 1741 524 1806 bastardica
557 1751 621 1804 aut
642 1741 780 1805 rotunda
809 1742 862 1806 uel
893 1752 979 1806 certe
1010 1742 1114 1806 fracta
1148 1743 1311 1829 descripta

91 1852 175 1912 sint.
231 1847 362 1911 Verum
394 1867 454 1929 ego
484 1844 565 1908 haec
596 1845 657 1909 illis
687 1867 751 1909 non
774 1846 913 1910 inuideo.
960 1847 1123 1910 Fruamur
1147 1849 1211 1910 suis
1236 1848 1311 1911 deli-

93 1956 161 2017 ciis
187 1952 408 2035 habeantque
431 1951 522 2013 iuxta
552 1951 748 2034 paroemiam
779 1951 897 2015 similes
920 1951 1013 2015 labra
1043 1951 1213 2015 lactucas.‘²
1246 1953 1311 2015 Me

93 2068 205 2134 certe,
246 2067 286 2120 ut
320 2055 420 2118 libere
442 2054 509 2118 ‘tibi
539 2063 636 2139 atquc
669 2077 711 2118 ex
741 2057 847 2119 animo
878 2055 989 2133 fatear,
1022 2057 1124 2140 magis
1148 2056 1311 2120 demulcet

93 2165 248 2226 unicum
273 2160 463 2246 epistolium,
489 2169 545 2224 tna
565 2181 663 2223 manu
687 2160 992 2245 characteribusque
1015 2159 1077 2223 illis
1101 2170 1132 2223 et
1155 2161 1255 2224 oculis
1279 2171 1312 2224 et

94 2268 218 2331 animo
247 2287 320 2329 meo
337 2266 526 2348 gratissimis
547 2274 724 2342 exaratum,
750 2287 847 2349 quam
870 2264 953 2328 illius
976 2264 1099 2328 farinae
1124 2266 1308 2351 quicunque

97 2372 200 2448 liber,
230 2371 360 2434 etiamsi
383 2392 401 2433 e
424 2369 592 2454 plurimis³
615 2368 745 2433 daretur
768 2371 863 2454 optio.
894 2368 945 2433 Tu
957 2370 1076 2454 itaque,
1101 2372 1145 2432 mi
1161 2370 1309 2447 Martine,

96 2476 195 2539 hunc
234 2474 384 2539 codicem
416 2474 492 2538 vide
523 2483 565 2555 et,
598 2475 623 2536 si
658 2474 725 2551 tibi,
761 2473 848 2559 quod
878 2484 961 2559 opto,
997 2473 1113 2558 placet,
1149 2483 1239 2537 utere
1263 2497 1309 2552 eo,

99 2580 274 2665 quamdiu
308 2579 395 2643 libet.
441 2577 537 2658 Quod
571 2578 613 2642 ad
648 2600 810 2642 sermones
844 2579 930 2641 Petri
954 2577 1153 2642 Rauennatis
1188 2581 1308 2656 attinet,

98 2708 196 2748 nunc
224 2685 299 2748 illos
322 2705 386 2747 non
410 2683 566 2759 desidero,
592 2683 668 2768 quia
689 2705 755 2747 non
777 2683 887 2746 liceret
909 2682 987 2746 mihi
1014 2705 1101 2746 nunc
1123 2705 1189 2768 per¹
1205 2685 1310 2747 ocium

100 2791 271 2854 euoluere
295 2788 374 2852 illos.
420 2788 490 2851 Iam
513 2790 598 2851 enim
621 2788 683 2851 alia
707 2789 836 2852 suntin
858 2787 1016 2865 manibus,
1050 2788 1167 2873 quibus
1191 2790 1235 2852 ita
1258 2788 1310 2851 de-

100 2897 227 2972 tineor,
254 2902 291 2958 ut
305 2893 387 2956 haec
410 2892 452 2956 ad
475 2903 506 2955 te
530 2893 672 2957 scribere
694 2895 753 2956 vix
775 2895 943 2979 potuerim.
968 2877 1050 2956 Cum
1074 2897 1310 2978 opportunum4

100 3001 218 3077 fuerit,
249 2998 389 3063 scribam
411 3020 469 3082 pro
493 2997 542 3062 his
558 2997 600 3061 ad
622 3008 663 3074 te,
687 3008 723 3061 ut
745 3020 800 3061 eos
822 2997 900 3061 mihi
920 3020 940 3060 a
956 2999 1124 3083 suppriore
1146 2999 1308 3082 impetres,

99 3107 168 3168 nisi
194 3105 284 3170 forte
307 3103 525 3166 necessarium
548 3101 742 3166 iudicaueris
772 3101 815 3166 ad
845 3103 950 3187 ipsum
983 3102 1090 3187 potius
1120 3101 1182 3166 hac
1210 3102 1250 3164 de
1274 3125 1308 3164 re

102 3210 224 3274 literas
263 3209 350 3272 dare.
397 3206 493 3286 Quod
527 3206 690 3271 Saxonem
724 3206 839 3269 scribis
873 3227 915 3268 ex
950 3206 1149 3270 eruditorum
1183 3215 1308 3269 tantum

105 3314 279 3400 colloquio
296 3312 354 3377 tibi
369 3321 481 3376 notum
498 3312 763 3396 satisque'notam
779 3310 949 3375 Danorum
963 3310 1138 3386 historiam,
1164 3311 1308 3373 coniecto

103 3418 201 3482 illam
227 3419 334 3502 gentis
358 3416 441 3481 illius
464 3416 640 3492 historiam,
675 3437 773 3500 quam
803 3417 871 3500 ipse
896 3413 983 3478 Saxo
1015 3415 1213 3499 conscripsit,
1249 3414 1307 3477 tibi

100 3522 220 3586 adhue
254 3522 483 3605 incognitam,
507 3519 614 3600 Quam
644 3521 670 3584 si
700 3518 842 3604 legisses,
878 3518 977 3583 multo
1004 3519 1063 3583 tibi
1095 3519 1199 3583 notior
1221 3517 1307 3582 Saxo

101 3638 207 3705 esset,
237 3649 335 3712 quam
358 3648 401 3690 ex
423 3627 600 3690 amicorum
623 3625 734 3703 relatu,
766 3627 829 3689 imo
853 3626 999 3710 quamsi
1022 3624 1105 3688 facie
1135 3624 1241 3708 ipsum
1263 3625 1307 3686 vi-

101 3732 216 3796 disses
250 3732 424 3796 homincm.
469 3730 519 3793 Ita
545 3730 689 3814 profecto
720 3730 839 3794 diserto
870 3729 1034 3794 scribendi
1068 3728 1152 3805 stilo,
1188 3729 1307 3811 ingenii

101 3847 211 3921 atque
237 3836 319 3900 adeo
343 3837 441 3900 animi
464 3836 512 3898 sui
536 3833 634 3920 (quae
666 3835 760 3919 longe
783 3835 887 3920 potior
909 3834 1047 3897 hominis
1069 3855 1145 3918 pars
1169 3831 1231 3911 cst)
1263 3834 1307 3895 vi-

100 3964 196 4018 uam,
224 3950 262 4005 ut
284 3943 329 4004 ita
351 3941 498 4016 dixerim,
524 3939 672 4024 depinxit
694 3941 876 4024 imaginem.
916 3937 949 4002 si
972 3938 1031 4003 tibi
1053 3959 1157 4001 nouus
1180 3938 1306 4000 essetis

102 4043 195 4108 liber
220 4045 417 4129 minimeque
440 4044 548 4109 adhuc
563 4044 661 4120 visus,
685 4045 846 4107 mitterem
861 4065 936 4107 eum
956 4043 1017 4107 alio
1033 4052 1187 4128 tempore,
1212 4041 1307 4105 modo

102 4158 245 4232 gratum
268 4148 326 4212 tibi
348 4148 381 4211 id
404 4149 548 4213 futurum
570 4150 699 4212 scirem:
723 4171 806 4225 ¹nam
829 4148 906 4211 mihi
929 4148 1065 4213 fortasse
1078 4191 1082 4198 -
1097 4148 1193 4211 etiam
1224 4168 1307 4210 com-

102 4253 248 4318 modum
270 4252 353 4316 foret
375 4262 407 4316 et
429 4253 515 4318 utile.
561 4253 678 4317 Posses
702 4254 787 4317 enim
810 4252 897 4338 apud
920 4261 1031 4316 notum
1047 4252 1105 4316 tibi
1122 4252 1306 4337 quempiam

151 4431 159 4462 ¹
182 4444 289 4480 ausum.

150 4515 161 4548 ²
179 4514 338 4582 Eigentlich
357 4515 457 4565 similes
475 4515 575 4564 habent
593 4515 668 4564 labra
686 4514 812 4564 lactucas
831 4513 933 4563 Erasm.
952 4513 1078 4564 Proverb.
1097 4514 1147 4562 386
1158 4514 1192 4562 D.

150 4603 161 4636 ³
180 4603 322 4668 plurimus

150 4689 161 4722 ⁴
181 4694 353 4756 oportunum.
