3320 5742
98 377 195 451 [795]
418 389 519 429 erasmus
533 400 574 429 von
588 389 714 430 Botterdam
728 389 773 430 und
787 390 895 430 Martinus
910 389 1004 440 Lipsius.
1241 374 1301 439 133
1358 437 1361 442 ,

97 587 221 630 verum
247 568 349 630 etiam
371 567 560 654 plerumque
583 569 676 632 viciis
699 577 732 631 et
752 568 991 652 impuritatibus
1006 577 1151 654 praestat
1166 570 1301 632 initium.

96 669 229 736 Omnes
263 673 300 736 in
322 671 514 738 CHRISTO
537 674 715 757 synceriter
745 672 859 757 diligas
881 695 943 736 nec
967 672 1098 737 cuilibet
1121 675 1168 737 tui
1191 672 1298 738 cordis

95 799 227 840 arcana
259 776 398 841 reueles.
444 775 607 862 Quicquid
638 778 853 842 conscientiae
886 779 1091 842 serenitatem
1122 776 1299 860 obnubilat,

96 881 265 966 quiequid
290 891 432 945 mentem
454 892 574 958 onerat,
598 883 863 968 praeceptoribus
885 884 948 945 tuis
964 882 1158 946 fiducialiter
1174 885 1301 967 aperias

96 995 130 1048 et
153 988 310 1071 ipsorum
336 985 429 1049 dictis
453 986 640 1071 simpliciter
663 987 874 1050 obsecundes.
921 985 975 1050 Ad
998 986 1079 1050 haec
1110 986 1227 1064 hortor,
1259 1009 1303 1051 ne

96 1091 219 1174 quouis
256 1089 356 1153 modo
390 1089 523 1154 deficias
557 1092 591 1154 in
616 1090 858 1173 tentationibus,
890 1091 1044 1155 molestiis
1075 1113 1133 1155 seu
1162 1090 1302 1155 aduersi-

96 1195 238 1277 tatibus,
275 1217 358 1279 quae
390 1195 505 1259 crebro
527 1196 580 1281 pie
603 1197 636 1259 in
659 1193 786 1260 Christo
807 1197 919 1260 viuere
942 1194 1147 1262 molientibus
1170 1196 1303 1260 obuiare

98 1300 220 1380 solent,
247 1301 328 1384 quia
350 1322 448 1384 supra
470 1298 602 1365 modum
625 1310 840 1386 cooperantur
861 1303 894 1366 in
916 1301 1048 1384 bonum,
1072 1300 1153 1366 adeo
1169 1310 1205 1366 ut
1221 1322 1303 1386 quae

97 1406 193 1490 prius
218 1427 290 1468 non
313 1403 436 1488 absque
458 1404 628 1469 formidine
652 1428 690 1468 ac
713 1405 824 1469 labore
847 1407 1024 1491 pergrandi
1055 1414 1204 1491 egerunt,
1235 1427 1303 1470 suc·

101 1531 201 1573 cessu
242 1509 416 1594 temporis,
462 1509 594 1574 dilatato
631 1509 844 1596 roboratoque
883 1511 980 1575 corde
1017 1533 1077 1596 per
1114 1510 1304 1575 charitatem

100 1612 237 1690 Christi,
281 1623 394 1698 postea
431 1613 582 1678 facillime
618 1615 790 1699 perficiant
827 1622 859 1678 et
896 1636 960 1678 non
998 1615 1100 1680 solum
1134 1617 1302 1700 patienter,

100 1742 224 1784 verum
258 1721 357 1782 etiam
384 1719 564 1804 gaudenter
595 1719 636 1783 ob
660 1718 778 1783 Christi
806 1720 941 1804 gloriam
974 1721 1113 1784 aduersa
1143 1719 1305 1805 quaelibet

102 1825 352 1910 amplectantur
374 1847 414 1888 ac
436 1824 581 1902 tolerent,
615 1827 703 1902 certi,
737 1825 823 1910 quod
846 1847 911 1889 non
934 1833 1008 1889 sunt
1031 1825 1211 1909 condignae
1234 1847 1304 1910 pre-

104 1932 206 1993 sentis
231 1931 322 1992 vitae
346 1928 537 1992 afflictiones
560 1929 603 1993 ad
626 1929 768 1994 futuram
791 1930 934 2013 gloriam.
959 1931 1056 1993 Hanc
1079 1931 1168 1993 viam
1191 1951 1302 1994 omnes

104 2035 201 2098 electi
226 2033 506 2120 perambularunt‚
530 2036 593 2097 imo
616 2035 683 2119 pati
707 2035 876 2119 oportebat
892 2033 1055 2098 Christum
1078 2043 1110 2097 et
1133 2036 1251 2098 intrare
1272 2036 1304 2098 in

104 2140 245 2224 gloriam
271 2161 373 2202 suam.
398 2137 602 2202 Certissimus
625 2147 710 2203 esto:
734 2141 795 2203 nisi
811 2141 844 2202 in
860 2141 1019 2223 principio
1036 2139 1234 2223 diligentiam
1251 2138 1305 2202 ad-

104 2244 267 2325 hibueris,
292 2242 427 2308 viriliter
449 2245 482 2306 in
505 2243 625 2307 domini
640 2249 647 2287 ¹
669 2245 766 2307 vinea
781 2244 978 2309 laboraueris
995 2254 1027 2308 et
1043 2243 1149 2308 cordis
1164 2242 1305 2328 agellum

106 2349 221 2414 sedule
253 2348 435 2412 excolueris
465 2349 550 2410 vicia
576 2349 778 2433 extirpando,
809 2349 1008 2413 voluntatem
1031 2351 1194 2434 propriam
1218 2370 1304 2412 coer-

107 2454 222 2531 cendo,
256 2451 377 2538 probos
400 2474 505 2517 mores
529 2462 560 2516 et
583 2455 738 2517 virtutum
761 2454 908 2518 habitum
931 2455 1105 2532 induendo,
1137 2476 1303 2539 nunquam

105 2569 162 2622 aut
186 2581 262 2622 sero
288 2568 320 2621 et
342 2556 531 2621 difficillime
554 2558 761 2642 perfectionis
784 2561 871 2622 viam
887 2558 1124 2643 apprehendes.
1148 2560 1190 2623 Et
1206 2581 1304 2644 quan-

105 2687 207 2750 quam
222 2667 319 2730 iuxta
334 2663 515 2749 apostolum
531 2666 633 2727 omnis
650 2664 819 2750 disciplina
832 2666 1068 2750 quodammodo
1082 2667 1231 2730 videatur
1242 2666 1304 2730 hoe

104 2777 256 2856 tempore
270 2791 335 2833 non
347 2790 418 2832 esse
430 2769 549 2852 gaudii,
564 2769 621 2834 sed
633 2772 797 2851 maeroris,
810 2779 922 2855 postea
934 2779 1041 2834 tamen
1056 2771 1197 2835 fructum
1208 2770 1303 2834 uber-

103 2876 226 2938 rimum
244 2875 431 2938 exercitatis
447 2896 507 2958 per
523 2896 593 2938 eam
609 2874 724 2939 reddet
739 2877 885 2938 iusticias
902 2884 934 2938 et
950 2885 1011 2939 cet.
1051 2876 1144 2940 Haec
1161 2876 1304 2940 breuiter

102 3001 170 3043 non
195 2988 269 3043 tam
292 3001 334 3041 ex
357 2980 533 3063 scripturis,
558 2999 655 3063 quam
679 3001 721 3042 ex
744 2980 874 3064 propria
897 2982 1098 3064 experientia
1114 2981 1305 3066 deprompta

103 3084 262 3160 conflaui,
281 3105 363 3168 quae
379 3083 421 3146 ad
437 3085 483 3146 tui
500 3086 780 3149 commonitionem
791 3108 830 3148 ac
843 3085 1041 3170 spiritualem
1053 3085 1305 3149 consolationem

99 3190 134 3251 in
151 3189 345 3274 praesentia
361 3188 510 3251 sufficere
527 3189 633 3253 credo.
661 3189 794 3254 Utinam
809 3199 1036 3275 praeceptores
1052 3211 1092 3254 ac
1107 3190 1242 3275 praelati
1257 3193 1304 3254 tui

100 3301 135 3357 et
151 3294 324 3358 indefesse
345 3300 377 3356 et
400 3292 546 3358 sollerter
567 3302 656 3359 tuam
679 3295 931 3360 adolescentiam
955 3297 987 3359 in
1010 3296 1191 3374 huiusmodi
1215 3297 1305 3381 spiri·

97 3400 256 3464 tualibus
278 3399 440 3462 exercitiis
460 3400 673 3464 instituerent.
704 3399 854 3466 Profecto
877 3423 954 3465 mox
977 3403 1010 3464 in
1026 3402 1132 3465 virum
1147 3400 1304 3465 euaderes

96 3503 203 3568 laude
227 3503 377 3588 dignum.
404 3503 479 3568 Non
501 3503 613 3569 diffido
636 3513 754 3583 tamen,
780 3507 857 3591 quin
880 3506 1064 3571 efficaciora
1080 3515 1112 3569 et
1128 3506 1305 3571 salubriora

95 3631 206 3694 quam
223 3619 338 3698 petere
353 3631 482 3695 possem
498 3609 556 3674 tibi
573 3611 808 3697 suppeditatun'
825 3613 897 3688 sint,
920 3633 1115 3697 quamquam
1136 3611 1183 3676 nil
1204 3619 1303 3690 vetat,

95 3717 233 3800 opinor,
261 3717 392 3783 eosdem
415 3724 551 3802 cogente
573 3716 738 3802 profectus
761 3718 808 3780 tui
831 3716 991 3781 desiderio
1013 3717 1048 3780 id
1071 3738 1113 3780 ex
1134 3717 1241 3781 animo
1257 3740 1304 3782 ro-

93 3840 192 3902 gare.
221 3822 376 3907 Denique
393 3843 555 3908 euperem,
571 3831 607 3885 ut
622 3821 757 3907 posthac
773 3821 827 3886 vel
843 3823 943 3887 semel
958 3824 1128 3907 quotannis
1144 3821 1185 3886 de
1201 3831 1257 3886 tua
1273 3832 1306 3887 et

92 3927 292 3990 amicorum
307 3927 502 4008 valetudine,
520 3926 626 4012 deque
641 3927 739 3991 rebus
754 3949 812 4012 pro
829 3929 982 4012 temporis
998 3929 1121 3992 ratione
1138 3948 1304 3992 occurren-

92 4031 205 4114 tibus,
226 4055 303 4096 cum
319 4043 407 4098 certo
424 4033 575 4119 quopiam
591 4035 708 4097 nuncio
721 4034 798 4097 mihi
812 4033 979 4111 scriberes,
998 4042 1156 4118 quatenus
1169 4035 1305 4118 cognitis

93 4135 147 4212 iis,
169 4159 263 4222 quae
280 4138 367 4202 circa
382 4147 413 4201 te
430 4147 462 4201 et
477 4137 631 4202 amiculos
647 4146 796 4222 aguntur,
815 4140 874 4202 etsi
889 4138 985 4222 longe
996 4140 1129 4223 positus,
1145 4139 1305 4223 aequioris

93 4237 337 4327 hilariorisque
368 4244 427 4308 sim
458 4245 565 4308 animi.
613 4242 647 4307 si
670 4243 757 4328 quod
780 4242 923 4327 efflagito
950 4244 1075 4321 feceris,
1108 4245 1306 4327 oportunae²
1416 4295 1418 4300 .

145 4485 155 4520 ¹
175 4488 250 4538 Hier
267 4487 335 4538 fehlt
353 4487 399 4536 das
411 4487 486 4550 Wort
504 4500 588 4554 vinea
605 4490 642 4538 im
662 4487 760 4538 Codex.

147 4571 158 4605 ²
178 4579 341 4640 oportunae.
