3320 5742
1458 814 1565 877 lamp)

680 969 832 1024 Alai-dus
856 983 920 1024 suo
944 968 1078 1036 Lypsio
1100 969 1130 1024 s.
1155 968 1191 1024 P.
1216 968 1254 1022 D.

475 1126 564 1191 Nihil
597 1138 652 1192 aut
686 1128 787 1192 ferme
821 1127 902 1191 nihil
934 1137 983 1191 est
1012 1127 1099 1213 apud
1130 1127 1275 1192 Oirillum
1309 1138 1365 1191 aut
1395 1127 1564 1202 Thomam‚

373 1231 460 1316 quod
483 1232 582 1295 faciat
610 1231 652 1296 ad
674 1232 838 1296 Ioannem.
884 1230 1033 1297 Euoluito
1063 1230 1205 1295 indicem
1236 1254 1441 1295 communem
1472 1255 1566 1294 euan-

372 1335 463 1420 geliis
494 1335 553 1400 abs
585 1346 617 1399 te
649 1337 813 1420 castigatis
835 1338 1056 1422 praepositum
1080 1346 1111 1399 et
1134 1359 1181 1414 ea,
1215 1358 1299 1422 quae
1327 1346 1401 1401 sunt
1424 1337 1565 1416 Ioannis²

372 1441 481 1525 selige.
519 1441 612 1505 Mitto
635 1440 779 1505 libellum
802 1441 973 1526 quendam,
998 1443 1054 1528 qui
1077 1442 1221 1506 fortassis
1244 1453 1409 1527 uteunque
1431 1439 1564 1505 iuuabit.

371 1546 425 1610 Ex
447 1545 631 1630 Augustino
662 1569 759 1632 super
784 1546 938 1610 Ioannem
968 1548 1109 1631 itemque
1140 1569 1182 1610 ex
1210 1545 1441 1636 Chrysostomo
1470 1569 1566 1631 super

372 1649 518 1713 eundem'
546 1649 640 1714 facile
664 1650 752 1735 quod
782 1651 871 1715 voles
905 1650 1123 1715 concinnabis.
1170 1651 1260 1714 Bene
1291 1650 1425 1728 valebis,
1463 1650 1566 1713 erudi-

373 1756 495 1818 tissime
525 1764 622 1839 atque
653 1757 730 1819 item
761 1755 991 1819 humanissime
1014 1756 1127 1841 Lypsi.
1173 1756 1242 1819 Fao
1272 1765 1304 1819 te
1334 1757 1448 1841 paucis
1478 1755 1566 1818 hisee

373 1859 491 1942 vigiliis
515 1881 689 1942 maceres,
713 1870 749 1923 ut
771 1860 867 1946 adipe
891 1869 923 1924 et
945 1860 1141 1947 pinguedine
1164 1869 1195 1926 te
1219 1859 1366 1922 dominus
1390 1861 1524 1923 exatiet.

476 1982 532 2032 Aus
551 1983 611 2034 dem
632 1983 695 2034 Cod.
715 1984 779 2034 Hor.
798 1985 829 2034 A.
849 2002 875 2050 p.
895 1986 942 2034 121
962 1985 980 2034 f.

930 2173 1004 2237 LX.

559 2347 713 2403 Alardua
736 2347 1041 2404 Amstelredamus
1065 2346 1213 2403 Martino
1237 2347 1378 2415 Lypsio.

475 2505 547 2570 Non
583 2516 640 2584 est,
676 2507 764 2592 quod
797 2529 840 2570 ex
870 2507 1073 2592 Hieronymo
1104 2529 1206 2583 eruas,
1243 2507 1372 2591 quando
1403 2506 1457 2569 ille
1488 2505 1566 2569 nihil

374 2611 502 2696 scripsit
524 2613 557 2674 in
580 2611 715 2675 Lucam.
761 2611 832 2676 Iam
862 2611 986 2675 dudum
1009 2613 1126 2674 missae
1150 2619 1224 2674 sunt
1247 2613 1470 2675 annotationes
1492 2611 1564 2674 illae

372 2713 567 2779 bellissimae
588 2716 629 2780 de
649 2715 735 2780 bello
756 2717 788 2778 in
805 2715 1023 2780 Germaniam.
1058 2714 1093 2778 Si
1113 2725 1222 2778 tamen
1237 2715 1448 2779 vehementer
1463 2725 1563 2800 optes,

372 2820 493 2885 curabo
524 2819 584 2884 tibi
613 2819 753 2884 alienum
783 2819 930 2884 exhiberi
961 2819 1156 2905 exemplum.
1203 2818 1342 2883 Carmen
1370 2821 1454 2883 istuc
1477 2819 1563 2903 (volo

371 2908 543 3008 diligenter
559 2925 704 2989 evoluas:
728 2933 830 2990 totum
846 2933 901 2989 tuo
917 2926 1067 3010 permitto
1083 2924 1217 3008 iudicio)
1234 2921 1423 3009 propediem
1439 2923 1564 2987 curabi-

370 3050 441 3092 mus
465 3029 704 3095 exoudendum.
750 3029 889 3094 Proinde
917 3037 1079 3114 postremo
1110 3029 1192 3092 festo
1218 3038 1249 3092 te
1274 3030 1467 3094 conueniam
1491 3029 1563 3092 affe-

370 3155 505 3218 ramque
536 3135 611 3198 noui
643 3133 799 3219 quiddam
829 3133 934 3197 simul
952 3155 1025 3197 eum
1049 3135 1285 3196 annotamentis
1309 3133 1349 3196 de
1373 3132 1469 3197 bello.
1517 3133 1564 3195 Tu

370 3238 498 3301 interim
515 3238 686 3323 diligenter
710 3238 880 3302 emendato
901 3237 958 3301 has
974 3235 1147 3302 naeuiolas.
1186 3237 1276 3300 Bene
1296 3237 1430 3301 valebis.
1470 3238 1564 3302 Dolo-

370 3364 439 3405 rem
469 3327 562 3406 tuum
594 3365 611 3406 e
639 3341 771 3406 Martini
801 3343 917 3428 Dorpii
947 3352 1049 3406 morte
1081 3349 1201 3422 natum,
1241 3352 1277 3405 ut
1307 3365 1373 3420 nos,
1405 3351 1440 3404 tu
1468 3346 1565 3406 etiam

372 3445 480 3532 aliquo
504 3455 637 3511 testator
661 3447 774 3532 elogio,
806 3448 893 3533 quod
923 3471 987 3512 una
1018 3469 1092 3512 oum
1120 3449 1189 3510 istis
1212 3448 1306 3531 nugis
1331 3445 1444 3510 demus
1469 3469 1564 3510 exeu-

373 3550 527 3615 dendum.

478 3676 534 3726 Aus
552 3676 612 3727 dem
632 3677 696 3727 Ood.
715 3678 780 3729 Hor.
799 3677 830 3730 A.
849 3695 874 3743 p.
895 3679 952 3726 122.

918 3867 1009 3932 LXI.

371 4040 524 4097 Alardus
548 4041 850 4097 Amstelredamus
877 4042 988 4098 amieo
1017 4055 1082 4096 suo
1109 4045 1213 4109 plane
1241 4041 1385 4097 Piladeo
1414 4041 1562 4098 Martino

609 4227 611 4232 Α
689 4146 819 4214 Lypsio
843 4147 1071 4202 Bruxellenai
1095 4148 1125 4201 s.
1150 4146 1186 4202 P.
1211 4146 1249 4201 D.

478 4303 544 4368 Ubi
567 4303 655 4369 voles
678 4314 710 4368 te
734 4307 900 4390 accingam
932 4313 1060 4391 praesto
1083 4304 1142 4368 tibi
1165 4303 1270 4368 aderit
1291 4305 1392 4369 frater
1418 4304 1480 4382 ille,
1512 4305 1562 4390 qui

371 4410 477 4494 eoepit
493 4430 689 4474 coaceruare
711 4411 819 4496 capita
840 4408 1122 4494 euangelistarum.
1161 4408 1269 4495 Opere
1290 4409 1436 4475 absoluto
1458 4431 1562 4472 emam

415 4587 421 4618 ¹
440 4587 572 4636 Martinus
589 4585 707 4650 Dorpius
726 4585 797 4635 starb
818 4587 893 4636 1525.
924 4585 984 4651 Vgl.
1004 4586 1051 4635 das
1063 4585 1236 4651 Epitaphium
1254 4585 1303 4634 auf
1317 4586 1365 4634 11111
1383 4600 1426 4634 arn
1440 4585 1560 4634 Sohlusse

440 4673 486 4722 des
504 4673 607 4722 Briofes
626 4672 672 4723 des
689 4672 816 4722 Erasmus
834 4688 870 4722 an
888 4673 1026 4722 Johannes
1044 4671 1209 4734 Hoemstedt,
1228 4673 1287 4721 899.
1307 4670 1367 4736 Vgl.
1387 4671 1515 4720 Erasmus
1532 4671 1563 4719 de

438 4760 514 4810 obitu
533 4775 593 4808 num
612 4760 695 4810 Jahre
715 4758 803 4824 1528(
817 4758 835 4825 ).
928 4769 934 4776 “
