3320 5742
902 578 1044 619 Horruits.

378 753 595 836 responsionis
613 752 772 816 beneficio
788 752 1041 838 haudquaquam
1058 753 1260 818 fraudabere.
1284 754 1368 819 Vale
1391 756 1426 817 in
1441 757 1568 818 visceri-

378 856 440 920 bus
471 856 634 920 charitatis
664 856 739 919 Iesu
770 855 899 921 Christi.
944 857 997 920 Ex
1027 868 1137 921 nostra
1166 858 1281 922 cellula
1311 859 1345 922 in
1374 861 1568 923 monasterio

380 962 483 1024 sancti
505 957 685 1037 Adalberti,
710 961 830 1025 ordinis
853 960 920 1024 diui
940 961 1111 1025 Benedicti
1133 965 1166 1026 in
1188 963 1382 1027 Hollandiae
1407 965 1567 1028 comitatu.

480 1065 536 1116 Aua
555 1066 615 1116 dem
635 1067 698 1118 God.
717 1067 781 1116 Hor.
800 1067 832 1118 A.
851 1085 876 1142 p.
895 1069 928 1116 27
938 1067 965 1116 ff.

919 1257 1025 1322 XCII.

473 1425 620 1480 Ioannes
643 1425 797 1492 Lypsius
820 1426 1065 1480 Bruxellensis
1090 1439 1153 1480 suo
1177 1427 1299 1492 nepoti
1323 1427 1475 1482 Martino

848 1530 979 1597 Lypsio
1003 1531 1040 1584 B.
1066 1531 1096 1584 S.

480 1680 526 1746 Ut
549 1680 660 1744 ordine
690 1680 905 1766 respondeam
934 1681 1007 1756 tuis,
1039 1701 1120 1764 quas
1150 1681 1254 1764 prima
1277 1679 1429 1744 Octobris
1456 1685 1567 1768 accepi

375 1786 486 1861 literis,
518 1793 592 1848 tuae
623 1783 829 1868 congratulor
857 1783 1070 1847 incolumitati
1093 1793 1126 1846 et
1147 1787 1417 1868 perseuerantiae,
1450 1809 1515 1871 qua
1536 1789 1566 1850 in

377 1889 496 1955 Christi
530 1890 685 1954 seruitute
725 1889 849 1952 fortiter
881 1897 1023 1974 perstas,
1066 1910 1200 1952 monens
1230 1899 1263 1952 et
1295 1889 1472 1956 adhortans
1505 1901 1566 1956 toto

376 1996 516 2071 affectu,-
535 2003 572 2058 ut
592 1995 627 2057 in
648 1995 716 2058 vita
746 1993 901 2079 spirituali
933 1993 1109 2057 auxiliante
1133 1991 1251 2057 Christi
1283 1996 1396 2079 spiritu
1419 1996 1566 2080 proficias

377 2110 410 2164 et
431 2097 562 2163 assidue
584 2100 712 2162 virtutis
738 2099 865 2185 apicem
887 2108 988 2184 petas,
1018 2100 1093 2183 quia
1115 2099 1282 2164 Bernardo
1304 2099 1439 2164 authore
1462 2102 1495 2164 in
1517 2103 1566 2164 via

377 2205 429 2268 dei
452 2227 516 2269 non
538 2203 689 2290 progredi
712 2213 744 2265 et
765 2203 944 2287 retrogradi
966 2203 1226 2288 aequiparantur.
1272 2203 1369 2268 Unde
1391 2227 1453 2268 nec
1478 2208 1567 2291 parui

376 2312 519 2396 pendere
548 2333 609 2395 par
638 2319 695 2387 est,
728 2309 814 2394 quod
844 2332 864 2372 a
887 2309 1015 2372 domino
1039 2330 1081 2372 ex
1102 2308 1165 2372 hoc
1189 2309 1296 2372 seculo
1327 2309 1469 2394 maligno
1493 2334 1566 2396 prae

375 2415 483 2480 multis
506 2415 575 2479 aliis
602 2414 852 2478 misericorditer
873 2415 980 2477 vocati
1011 2434 1150 2504 sumus.¹
1176 2413 1262 2478 Nam
1291 2414 1421 2499 plurimi
1443 2417 1479 2479 in
1502 2439 1566 2502 pro-

376 2520 493 2584 celloso
524 2520 635 2584 mundi
665 2518 760 2583 huius
790 2520 871 2582 mari
900 2541 965 2583 non
998 2519 1101 2582 solum
1122 2517 1355 2602 periclitantur,
1387 2519 1446 2582 sed
1475 2523 1566 2584 etiam

375 2635 520 2711 pereunt.
546 2624 610 2704 Qui
633 2627 659 2688 si
683 2623 835 2688 diuinitus
858 2624 959 2688 afflati
981 2623 1115 2692 huiusce
1138 2624 1317 2686 vocationis
1340 2645 1457 2688 munus
1481 2647 1566 2688 acce-

374 2732 507 2817 pissent,
531 2729 626 2813 longe
649 2728 804 2792 feuridius
827 2738 860 2792 et
883 2729 1024 2792 sanctius
1052 2731 1340 2792 conuersarentur¹
1372 2749 1471 2813 quam
1502 2751 1565 2793 nos.

374 2832 549 2920 Reliquum
579 2834 676 2916 igitur
708 2842 769 2910 est,
800 2842 836 2896 ut
865 2841 1056 2910 metuamus,
1088 2854 1129 2896 ne
1159 2831 1316 2896 talentum
1346 2832 1565 2897 huiuscemodi

374 2940 497 3024 gratiae
527 2938 620 3002 nobis
650 2937 815 3001 auferatur
848 2946 881 3000 et
914 2937 994 3014 aliis,
1027 2939 1082 3023 qui
1113 2959 1188 3001 cum
1217 2936 1328 3013 fenore
1358 2937 1460 3002 multo
1492 2938 1566 3002 illud

375 3044 504 3109 domino
528 3066 585 3107 suo
607 3042 758 3119 referant,
784 3042 975 3107 conferatur.
1017 3042 1092 3106 Non
1114 3051 1191 3126 puto
1215 3044 1391 3127 quicquam
1414 3042 1476 3106 deo
1500 3065 1565 3106 esse

374 3149 550 3234 acceptius,
576 3169 673 3233 quam
695 3156 732 3210 ut
753 3170 812 3211 nos
831 3147 1053 3211 immaculatos
1070 3146 1287 3210 custodiamus
1310 3146 1352 3210 ab
1376 3147 1438 3211 hoc
1462 3147 1565 3210 seculo

375 3262 407 3316 et
429 3255 498 3315 eius
520 3254 630 3337 prauis
654 3252 804 3336 operibus
828 3260 860 3314 et
882 3252 1011 3315 assidue
1034 3253 1135 3336 ipsius
1158 3253 1420 3335 syncerissimam
1435 3251 1566 3316 humilli-

373 3357 548 3442 mamque²
577 3357 688 3432 vitam,
720 3357 911 3440 passionem,
943 3365 1079 3420 mortem
1101 3365 1134 3420 et
1157 3366 1285 3419 caetera
1315 3355 1409 3420 nobis
1434 3355 1565 3441 abipso

374 3461 529 3546 praestita
563 3482 637 3524 cum
670 3461 846 3544 gratiarum
875 3461 1002 3526 actione
1034 3460 1213 3524 recolamus
1245 3459 1413 3535 beneficia,
1450 3445 1484 3523 et
1514 3482 1565 3523 suo

376 3575 624 3650 sanctorumque
641 3587 770 3628 suorum
786 3564 934 3649 exemplo
954 3565 1050 3628 totius
1066 3566 1151 3628 vitae
1171 3572 1299 3628 nostrae
1319 3565 1477 3629 rationem
1498 3565 1565 3628 diri-

373 3672 571 3755 gere,3sicut
584 3670 813 3753 scriptumest:
838 3667 873 3732 Si
885 3670 1005 3754 pariter
1017 3691 1091 3732 cum
1107 3669 1160 3732 illo
1175 3670 1292 3732 mortui
1308 3668 1464 3733 fuerimus
1483 3671 1566 3733 vitiis

335 3845 337 3849 ,
374 3778 485 3860 utique
509 3785 541 3838 et
564 3775 844 3859 concupiscentiis,
869 3775 966 3837 etiam
991 3773 1085 3837 simul
1109 3796 1183 3838 cum
1205 3773 1259 3838 illo
1282 3775 1432 3837 viuemus
1457 3776 1483 3838 si
1506 3797 1565 3838 una

375 3902 450 3944 cum
465 3879 518 3944 illo
534 3881 621 3966 passi
637 3879 793 3942 fuerimus
810 3887 842 3940 et
858 3878 1138 3962 conregnabimus.
1163 3877 1228 3941 Sed
1245 3887 1370 3962 oportet
1381 3879 1415 3941 in
1428 3878 1492 3942 hac
1503 3881 1565 3942 vita

374 3985 499 4050 fortiter
510 3984 677 4049 decertare
690 3983 846 4048 aduersus
859 3983 1083 4066 impugnantia
1092 3984 1171 4046 vitia
1184 3993 1216 4046 et
1227 3984 1288 4067 piis
1301 3982 1455 4067 operibus
1467 4005 1565 4069 usque

374 4090 417 4153 ad
439 4098 576 4156 mortem
591 4090 748 4166 insistere,
773 4089 892 4151 sivero
909 4096 1057 4173 optamus
1075 4109 1149 4152 cum
1165 4087 1276 4152 electis
1293 4087 1444 4152 omnibus
1461 4089 1564 4152 trium-

374 4193 475 4279 phare
498 4215 537 4257 ao
559 4194 714 4257 coronari.
738 4192 879 4256 Proinde
903 4193 935 4254 in
956 4193 1221 4276 praememoratis
1237 4193 1300 4256 tuis
1316 4191 1418 4255 literis
1433 4201 1565 4277 exoptas

375 4308 529 4384 tanquam
549 4297 704 4384 paruulus
720 4296 827 4361 adhuc
843 4298 876 4360 in
892 4295 1028 4374 Christo,
1053 4297 1157 4360 lacteo
1173 4297 1347 4362 refocillari
1362 4298 1563 4371 nutrimento,

372 4403 473 4468 veluti
488 4405 566 4468 nihil
582 4404 641 4468 tibi
656 4404 801 4468 tribuens
818 4412 849 4466 et
864 4424 915 4465 me
935 4401 1142 4488 perfectionis
1165 4404 1293 4489 apicem
1315 4400 1563 4487 apprehendisse

419 4583 426 4614 ¹
446 4585 657 4631 couersarentur.

415 4668 425 4702 ²
443 4667 671 4734 humilimamque.

417 4755 427 4789 ³
446 4755 527 4806 Wohl
546 4755 698 4822 dirigamus.
748 4783 750 4788 ν
