3320 5742
371 573 433 636 124
657 554 659 558 ’
890 588 1037 629 staua.
1465 576 1558 649 [aas]

367 777 402 830 ut
417 767 580 830 Venerem
595 763 739 828 Atticam
763 769 875 850 sapere
898 764 985 828 illam
1009 764 1131 828 scribas
1155 773 1195 841 et,
1220 786 1304 849 quae
1319 785 1392 828 mea
1407 765 1558 849 opinione

367 870 531 936 Gotticam
561 870 753 946 barbariem,
784 878 840 932 tua
870 891 975 933 meros
1004 869 1129 955 lepores
1152 892 1230 954 prae
1255 892 1289 932 se
1313 869 1397 932 ferre
1420 869 1557 932 dicatur.

366 976 473 1039 Tenes
505 998 631 1039 narsum
662 996 770 1038 meum
801 974 841 1038 de
872 975 953 1038 meis
984 975 1113 1059 scriptis
1142 974 1307 1050 iudicium,
1340 996 1415 1037 cum
1438 983 1492 1038 tuo
1517 996 1558 1036 ex

367 1080 523 1145 diametro
546 1101 704 1164 pugnans.
729 1078 860 1155 Verum,
885 1089 920 1142 ut
942 1087 1032 1143 tuam
1052 1079 1114 1142 hac
1130 1081 1163 1141 in
1178 1101 1213 1141 re
1230 1080 1422 1142 sententiam
1438 1080 1557 1152 reiicio,

367 1187 412 1248 ita
441 1194 532 1249 tuum
562 1187 595 1248 in
625 1206 677 1247 me
708 1184 849 1248 studium
880 1184 1097 1268 affectumque
1129 1183 1323 1266 singilarem
1347 1183 1452 1247 obuiis
1473 1182 1558 1246 ulnis

367 1289 553 1375 amplecter.
597 1289 648 1353 De
671 1291 808 1352 ueritate
830 1291 927 1372 igitur
950 1289 1109 1352 duntaxat
1132 1290 1215 1351 inter
1236 1310 1295 1352 nos
1319 1288 1476 1352 dissensio
1501 1297 1557 1364 est,

368 1394 408 1457 de
432 1416 541 1459 amore
564 1414 641 1456 vero
664 1393 766 1478 probe
790 1393 963 1457 admodum
987 1395 1148 1457 conuenit.
1180 1392 1296 1478 Itaque
1318 1391 1389 1455 laus
1411 1393 1493 1456 haec
1518 1392 1558 1456 ab

367 1499 495 1563 homine
518 1499 582 1562 mei
605 1499 825 1562 amantissimo
847 1520 1044 1584 promanans
1067 1498 1218 1562 beneficii
1240 1497 1310 1561 loco
1334 1520 1354 1560 a
1383 1519 1436 1561 me
1466 1519 1559 1582 repu-

367 1612 462 1667 tatur.
502 1601 644 1682 Quidni?
683 1599 737 1664 An
760 1625 826 1666 non
848 1603 1043 1667 beneficium
1066 1612 1121 1690 est¹
1137 1603 1313 1685 gratuitum
1336 1603 1558 1665 encominme

368 1691 504 1792 simplici
528 1728 729 1791 synceroque
753 1715 885 1792 pectore
908 1706 1110 1792 profectum?
1134 1706 1224 1770 Totis
1239 1707 1407 1790 Anticyris
1424 1707 1558 1790 dignum

368 1811 481 1875 dixero
520 1810 705 1887 hominem,¹
745 1813 800 1895 qui
837 1811 899 1876 hoc
936 1813 1071 1895 negarit.
1117 1809 1276 1895 Optarem
1314 1810 1474 1895 equidem,
1516 1812 1558 1874 mi

369 1914 540 1992 Gulielme,
565 1925 655 1979 tuum
679 1915 719 1978 de
743 1937 794 1980 me
817 1917 1035 1979 testimonium
1057 1925 1124 1979 tam
1147 1938 1217 1979 esse
1241 1938 1364 1992 verum,
1389 1937 1487 2000 quam
1511 1925 1558 1978 est

369 2020 553 2105 plausibile,
576 2042 638 2083 nec
662 2022 833 2105 quisquam
855 2020 889 2083 id
911 2020 989 2084 mihi
1012 2043 1073 2084 ceu
1095 2022 1203 2105 inepte
1226 2020 1322 2084 auido
1336 2030 1465 2083 vertere
1480 2021 1558 2082 vitio

368 2121 484 2210 p'otest.
509 2123 689 2202 Caeterum,
714 2127 740 2188 si
763 2125 876 2188 laudes
899 2134 965 2188 tam
988 2126 1176 2189 immodicas
1200 2147 1371 2209 agnouero‚
1396 2124 1559 2210 philautus

369 2239 401 2292 et
431 2229 602 2314 impudens
634 2231 776 2293 omnium
808 2251 861 2294 ore
893 2230 1059 2294 censebor.
1105 2230 1219 2315 Neque
1247 2240 1357 2294 tamen
1380 2251 1455 2293 cum
1478 2228 1558 2293 haec

369 2333 450 2410 dico,
475 2335 615 2398 amicum
638 2334 800 2398 mendacii
822 2356 913 2398 reum
937 2333 1045 2398 facere
1068 2334 1152 2398 velle
1176 2335 1352 2398 existimer.
1376 2332 1451 2397 Scio
1475 2335 1559 2396 enim

369 2438 440 2516 hoc,
465 2439 620 2524 quicquid
643 2448 692 2502 est
714 2441 792 2514 vitii,
816 2461 880 2503 non
903 2441 964 2504 nisi
987 2461 1030 2503 ex
1053 2461 1161 2504 amere
1184 2440 1354 2525 proficisci.
1382 2439 1426 2502 Et
1448 2438 1559 2503 absur-

371 2542 448 2605 dum
471 2541 567 2627 plane
591 2551 676 2606 esset
698 2545 730 2605 in
753 2552 794 2619 te,
820 2545 874 2628 qui
898 2544 1107 2608 vehementer
1130 2567 1229 2621 amas,
1253 2546 1418 2629 requirere
1439 2542 1558 2624 oculos,

369 2645 487 2731 quibus
511 2668 622 2710 carere
646 2647 832 2726 dinoscitur,
857 2650 1001 2733 quisquis
1014 2649 1217 2733 'impotenter
1239 2657 1336 2711 amat.
1375 2647 1450 2712 Non
1473 2647 1559 2732 quod

369 2753 402 2813 in
425 2759 527 2815 totum
550 2775 589 2815 ac
613 2751 801 2837 simpliciter
825 2752 927 2816 oculis
951 2755 1037 2838 capti
1060 2753 1219 2829 dicantur,
1251 2753 1309 2817 sed
1333 2751 1421 2837 quod
1444 2753 1558 2816 crebro

367 2846 502 2919 nimium
519 2858 703 2920 caecutiant
717 2859 749 2920 in
766 2866 893 2922 amatae
909 2859 956 2920 rei
972 2858 1073 2934 viciis,
1098 2861 1202 2942 quae²
1224 2858 1435 2943 sycophantia
1452 2867 1485 2921 et
1500 2859 1558 2921 cri-

368 2962 442 3023 ticis
472 2963 614 3025 maxime
647 2964 822 3048 conspicua
853 2972 936 3027 sunt.
982 2962 1124 3028 Posthac
1155 2964 1253 3048 igitur
1283 2963 1371 3027 aliud
1395 2962 1558 3028 scribendi

368 3074 595 3148 argumentum
625 3069 788 3143 assumito,
820 3069 853 3129 in
884 3089 946 3152 quo
978 3089 1039 3130 nec
1070 3067 1110 3130 de
1142 3069 1277 3130 veritate
1300 3090 1362 3130 nec
1386 3067 1428 3131 de
1451 3090 1557 3131 amore

367 3172 451 3234 inter
473 3192 532 3234 nos
555 3173 596 3234 sit
612 3173 842 3236 controuersia.
867 3171 948 3234 Rem
965 3193 1063 3256 posco
1080 3180 1134 3235 tuo
1150 3171 1217 3235 illi3
1232 3173 1362 3255 ingenio
1378 3180 1410 3234 et
1427 3171 1556 3256 dignam

369 3285 400 3338 et
424 3274 562 3353 facilem,
587 3298 627 3339 ne
652 3277 678 3338 si
702 3298 753 3340 me
779 3298 876 3360 cogas
899 3277 1043 3340 vicissim
1066 3279 1100 3340 in
1122 3277 1169 3340 tui
1188 3275 1407 3340 laudationem
1425 3298 1555 3340 exerere

369 3379 539 3463 calamum,
563 3380 645 3456 forte
668 3382 829 3466 quispiam
852 3377 967 3466 parum
990 3401 1112 3466 aequus
1135 3379 1188 3444 vel
1211 3380 1271 3445 tibi
1285 3380 1338 3443 vel
1355 3380 1436 3444 mihi
1451 3380 1555 3445 dicat:

368 3493 515 3548 mutuum
549 3485 627 3548 muli
661 3485 824 3549 scabunt!¹
870 3486 948 3550 Post
980 3486 1061 3549 haec
1095 3485 1216 3549 liberas
1249 3507 1300 3548 me
1334 3507 1460 3570 scrupe,
1497 3507 1556 3570 quo

368 3590 487 3653 frustra
516 3588 716 3672 laborabam,
747 3612 890 3667 monens,
922 3613 963 3653 ne
995 3593 1076 3654 citra
1107 3590 1268 3655 delectum
1300 3589 1433 3655 cuilibet
1460 3592 1556 3654 animi

368 3697 415 3758 tui
437 3695 593 3759 iudicium
616 3696 779 3781 proderes.
805 3694 927 3758 Scribis
951 3697 1036 3759 enim
1056 3697 1089 3758 in
1105 3696 1186 3759 haec
1202 3695 1320 3761 verba:
1345 3695 1394 3772 ,In
1410 3697 1556 3781 opinione

367 3799 508 3883 tegenda
531 3808 563 3862 et
586 3799 817 3886 supprimenda
841 3801 941 3863 animi
965 3802 1124 3888 sententia
1139 3799 1211 3885 plus
1227 3800 1321 3864 valeo
1338 3799 1461 3887 (dicam
1477 3801 1554 3864 forte

356 3906 579 3988 arrogantius,
605 3904 662 3968 sed
685 3907 795 3968 ta'men
818 3906 909 3988 vere)
932 3927 1031 3990 quam
1056 3907 1208 3990 cuiquam
1230 3905 1421 3991 persuaderi
1441 3908 1556 3991 posset‘

368 4018 401 4072 et
423 4018 484 4072 cet.
508 4009 665 4086 Emoriar,
690 4011 716 4072 si
739 4011 913 4094 quicquam
936 4011 969 4073 in
992 4012 1066 4074 totis
1087 4009 1189 4072 literis
1212 4012 1275 4074 tuis
1299 4011 1424 4074 etiamsi
1447 4011 1555 4094 gratis·

369 4113 456 4175 simis
486 4120 612 4176 tantum
642 4112 720 4177 mihi
750 4115 863 4198 gignat
885 4112 1034 4177 laeticiae
1058 4123 1214 4199 quantum
1237 4116 1334 4178 unica
1357 4114 1439 4178 haec
1462 4123 1554 4198 teque

369 4215 468 4300 digna
490 4239 621 4303 prorsus
644 4219 813 4282 sententia.
843 4216 924 4297 Quis
947 4219 1104 4282 eiusmodi
1126 4240 1193 4282 non
1215 4219 1347 4284 adamet
1369 4219 1556 4303 ingenium?

412 4502 421 4534 ¹
439 4500 542 4551 Erasm.
561 4502 687 4551 Proverb.
707 4502 757 4550 318
766 4501 798 4552 E.

411 4588 421 4622 ²
438 4590 493 4654 qni.

411 4676 504 4724 ³Man
522 4682 646 4725 crwartet
664 4675 720 4726 illo.

410 4763 421 4795 ⁴
437 4763 540 4812 Erasm.
559 4764 685 4812 Proverb.
706 4765 756 4812 300
766 4763 797 4813 A.
