3372 5768
912 477 1055 520 Horawitz.

934 691 1026 754 XIV.

390 885 428 940 D.
456 885 620 940 Erasmus
648 882 902 939 Rotarodemus
929 882 1056 938 Joanni
1089 881 1341 937 Merliberehio
1371 877 1572 945 maetenni*

648 988 816 1045 canonico
838 988 881 1042 sd
904 987 1137 1044 Meminenses
1159 986 1313 1042 Levanii.

492 1164 630 1229 Carmen
656 1175 705 1228 est
727 1163 935 1241 trochaicum,
971 1173 1187 1239 tetrametron,
1221 1161 1441 1226 catalecticon.
1488 1161 1573 1246 Cape

389 1269 497 1333 literas
519 1271 552 1332 in
576 1269 725 1332 versibus
747 1270 884 1354 primam
906 1279 938 1332 et
959 1269 1105 1333 ultimam
1127 1269 1159 1331 in
1188 1289 1331 1343 caesura,
1363 1289 1462 1352 quam
1488 1277 1575 1330 notat

389 1373 529 1456 virgula:
553 1395 679 1436 rursum
695 1373 727 1435 in
750 1373 850 1436 altera
868 1382 958 1456 parte
981 1374 1118 1458 primam
1140 1382 1173 1435 et
1194 1372 1339 1436 ultimam
1361 1368 1522 1457 atque'ita
1537 1371 1574 1434 de

390 1479 538 1540 caeteris:
562 1486 595 1539 et
617 1475 761 1552 habebis,
785 1486 821 1540 ut
844 1486 944 1561 optas,
968 1477 1134 1541 Johannes
1157 1476 1353 1541 Merliberoh
1376 1477 1480 1539 Diest.

704 1637 736 1687 ln
754 1637 853 1687 laudem
871 1637 948 1688 dieue
967 1638 1069 1688 Mariae
1089 1636 1265 1702 Maydalcnae.

594 1752 737 1816 Impotenti
756 1753 853 1802 amoris
871 1756 957 1802 oestro
974 1752 978 1818 Ι
993 1752 1060 1802 haec
1078 1751 1157 1802 beata
1174 1753 1275 1816 percita

594 1837 737 1887 Nardicum
755 1839 872 1904 profudit
890 1853 1007 1904 unguen,
1024 1837 1028 1904 Ι
1044 1840 1111 1888 eluit
1128 1837 1253 1903 lacrymis
1271 1836 1359 1904 pcdcs,

594 1924 657 1973 Mox
675 1923 780 1990 capillis
797 1927 889 1976 tersit.
900 1940 963 1976 ecce
979 1925 983 1992 Ι
998 1941 1045 1975 rex
1063 1925 1164 1991 olympi
1181 1927 1227 1989 qui
1246 1925 1328 1974 semel

596 2010 739 2060 Illcoebras
757 2015 857 2078 spreuit
874 2027 906 2062 ac
925 2011 1072 2078 sublegit,
1091 2011 1145 2061 illis
1163 2011 1286 2078 ampliter

596 2096 706 2163 Capitur
724 2097 896 2150 oblectaculis
906 2137 912 2149 .
923 2099 1006 2164 proh²
1021 2099 1025 2165 1
1041 2099 1178 2148 daemonis
1196 2099 1298 2148 technis
1317 2098 1380 2148 mali

594 2184 654 2234 Eua
671 2190 749 2250 capta
767 2191 819 2236 est:
837 2188 889 2235 ista
906 2185 1031 2252 lacrymis
1046 2185 1051 2250 Ι
1066 2187 1151 2236 tincta
1168 2185 1260 2252 culpas
1278 2186 1364 2235 diluit.

492 2323 610 2408 Ineptii
632 2325 665 2386 in
687 2334 775 2390 tuam
797 2326 943 2408 gratiam,
974 2325 1096 2389 malens
1124 2325 1156 2389 in
1184 2323 1268 2388 hanc
1291 2346 1427 2410 peecare
1450 2334 1575 2409 partem

391 2449 486 2512 quam
509 2449 624 2511 parum
646 2426 804 2492 humanus
826 2430 939 2493 videri.
985 2429 1077 2492 Mitto
1106 2428 1199 2492 simul
1222 2438 1255 2491 et
1276 2438 1342 2491 tres
1364 2427 1575 2511 Magdalenas

389 2531 431 2595 ab
446 2531 570 2596 Jacobo
586 2530 714 2596 Fabro³
729 2533 884 2618 depictas.
916 2535 1005 2597 Bene
1020 2533 1102 2610 vale,
1120 2534 1170 2595 vir
1185 2533 1313 2618 optime,
1330 2542 1363 2595 et
1378 2533 1411 2594 in
1426 2534 1490 2595 tuis
1506 2553 1576 2616 pre-

390 2636 482 2700 cibus
505 2638 604 2700 nostri
627 2659 755 2723 quoque
777 2661 1008 2724 nonnunquam
1029 2640 1222 2703 memineris.

391 2803 515 2853 Erasmus
532 2803 564 2853 cle
581 2805 712 2855 eoncordia
734 2803 820 2856 Oaroli
836 2809 996 2872 imperatoris
1019 2812 1042 2856 et
1059 2807 1167 2856 Hearici
1187 2808 1254 2871 reque
1271 2805 1378 2870 Aaqltae
1396 2811 1418 2853 et
1439 2805 1574 2856 Francius.

596 2918 689 2969 Sidera
706 2920 728 2968 si
746 2920 852 2985 quando
870 2921 899 2969 in
917 2920 982 2986 celis
1000 2922 1088 2970 coiera
1105 2921 1229 2985 benigna,

647 3007 677 3056 Id
696 3008 810 3056 maximo
829 3006 859 3056 lit
876 3009 964 3073 gentis
981 3007 1114 3056 humanae
1132 3007 1211 3056 bono.

595 3094 673 3144 Nunc
691 3096 754 3160 qnia
771 3110 934 3144 summorum
952 3095 1004 3144 duo
1023 3094 1137 3145 candida
1155 3099 1262 3160 pectora
1280 3109 1373 3158 regum

649 3181 715 3230 Tam
734 3195 809 3230 rarus
827 3196 889 3232 ecce
906 3182 995 3230 iunxit
1013 3182 1042 3230 in
1059 3183 1135 3231 terris
1153 3196 1236 3244 amor,

595 3268 675 3318 Haud
693 3268 795 3318 leuiora
813 3268 864 3318 sibi
881 3268 1012 3335 promittit
1030 3268 1169 3318 commoda
1186 3267 1308 3332 mundus,

647 3356 793 3405 Honricum
811 3356 858 3405 ubi
875 3355 949 3405 videt
966 3355 1131 3405 foederatum
1150 3355 1254 3417 carolo,

596 3443 682 3504 Quam
700 3445 722 3492 si
740 3443 784 3492 vol
802 3443 905 3492 Veneri
920 3442 1009 3493 Solem
1027 3458 1056 3493 sc
1074 3445 1185 3508 iungere
1203 3442 1247 3492 vel
1266 3443 1288 3492 si

647 3529 735 3581 Solem
753 3530 869 3596 benigno
889 3535 981 3579 cernat
999 3530 1154 3580 adiunctum
1172 3530 1272 3578 Iouem.

712 3668 782 3720 [cleon
799 3671 828 3718 in
846 3671 1050 3720 michaelinum
1066 3668 1252 3720 odelonem*

664 3781 768 3832 Miraris
786 3781 881 3846 hospes
898 3782 970 3832 undo
989 3782 1071 3833 moles
1089 3782 1157 3832 haec
1175 3784 1263 3830 noua?

664 3869 804 3934 Templum
823 3874 871 3932 est,
889 3870 1006 3920 dicatum
1024 3871 1113 3936 regiae
1132 3869 1303 3919 concordiae:

665 3955 741 4018 Quod
759 3956 830 4006 hunc
847 3958 876 4005 in
894 3973 973 4007 usum
991 3957 1133 4007 condidere
1150 3958 1260 4022 gratiae.

491 4060 547 4111 Ans
565 4059 625 4110 dem
645 4059 708 4110 cod.
727 4059 791 4110 Hor.
810 4060 840 4110 A.
859 4077 883 4126 p.
902 4061 935 4110 48
954 4061 972 4111 f.

431 4307 438 4339 ¹
459 4305 544 4366 Diest,
564 4304 640 4355 Stadt
657 4307 685 4354 in
703 4304 828 4355 Brabant.

430 4391 506 4441 ²Hs.
524 4393 613 4456 proch.

431 4477 441 4510 ³
459 4479 545 4527 Favre
563 4494 615 4528 von
633 4478 756 4544 Estaples
774 4478 847 4528 hatte
866 4478 949 4528 durch
968 4478 1040 4527 disse
1058 4477 1238 4543 Ahhandlung
1261 4477 1304 4527 die
1322 4475 1433 4526 Zeloten
1451 4475 1512 4524 sehr
1530 4491 1577 4540 ge·

457 4568 553 4629 iirgert.
591 4563 630 4614 cf.
650 4565 722 4628 Grai,
741 4566 829 4615 Faber
847 4564 1019 4630 stapulensis.

430 4651 440 4684 ⁴
459 4650 589 4712 Calenum,
608 4651 676 4701 auch
695 4652 837 4712 calesium,
857 4651 982 4700 Calisiurn
1005 4673 1035 4692 ι-
1054 4649 1149 4700 Calais.
