3320 5742
359 513 401 576 aa
1200 614 1202 618 Ι
1371 475 1376 483 ’
1463 514 1566 588 [754]

360 760 487 808 nowen.
904 755 1009 820 LVII,
1469 756 1566 805 1524.¹

461 927 615 1014 Alardus
638 957 941 1012 Amstelredamus
964 955 1118 1012 Martino
1141 955 1274 1023 Lypsio
1298 957 1328 1010 S.
1353 957 1388 1009 P.
1414 955 1454 1009 D.

464 1141 538 1207 Scio
560 1140 845 1206 laboriosissimum
877 1161 957 1221 esse,
988 1139 1031 1203 ad
1061 1139 1148 1225 quod
1176 1148 1209 1202 te
1233 1142 1310 1204 satis
1332 1141 1486 1226 impigre,
1521 1161 1566 1202 ne

360 1247 467 1312 dicam
491 1231 697 1332 impudenter
720 1245 838 1323 hortor,
861 1265 922 1308 nec
943 1245 1054 1330 ignoro
1076 1248 1107 1307 οὺ
1129 1247 1228 1317 παντὸς
1251 1247 1349 1329 ἀνδρὸς
1372 1241 1451 1307 εἶναι.
1495 1241 1566 1308 Sed

360 1374 431 1437 age,
451 1374 492 1416 ne
509 1351 696 1435 defatigare,
713 1371 754 1414 ne
771 1351 972 1435 conquiesce,
997 1350 1100 1415 donec
1115 1360 1183 1414 tam
1199 1352 1412 1414 sacrosanctis
1431 1348 1566 1414 sudori-

360 1456 421 1521 bus
452 1455 537 1520 hunc
569 1478 629 1519 ceu
664 1463 845 1519 extremum
880 1453 1088 1541 colophonem
1123 1454 1235 1519 addas.
1280 1453 1426 1520 Maxima
1457 1453 1566 1518 stadii

362 1584 437 1648 pars
460 1561 520 1625 tibi
542 1562 607 1624 iam
631 1560 769 1625 decursa
792 1568 850 1623 est.
895 1558 968 1624 Hoc
990 1561 1089 1645 igitur
1111 1559 1251 1624 alacrius
1274 1559 1317 1624 ad
1338 1568 1460 1624 metam
1488 1581 1566 1646 pro-

362 1688 450 1752 pera,
484 1687 547 1750 quo
569 1667 700 1751 propior
723 1684 766 1728 es.
813 1663 928 1749 Cogita
949 1673 1069 1747 tecum,
1100 1665 1134 1729 id
1157 1661 1243 1751 quod
1266 1664 1345 1728 nihil
1367 1663 1505 1751 ambigo
1529 1675 1565 1728 te

363 1771 514 1855 cogitare,
546 1767 701 1854 quicquid
735 1770 816 1832 istuc
848 1777 896 1832 est
918 1767 1047 1852 laboris,
1076 1768 1162 1855 quod
1184 1767 1388 1856 perlegendis
1411 1768 1567 1855 epistolis

364 1873 507 1939 Pauliuis
531 1873 634 1956 dabis,
661 1873 765 1938 tribus
788 1881 844 1938 aut
859 1873 902 1938 ad
925 1895 1086 1938 summum
1109 1883 1246 1960 quatuor
1269 1873 1384 1938 diebus
1405 1875 1563 1959 transigi,

361 1988 524 2044 caeterum
555 1977 726 2043 utilitatem
758 1980 792 2042 iu
825 1999 954 2042 omnem
986 2001 1088 2065 usque
1122 1988 1262 2043 aetatem
1295 2000 1563 2064 permansuram.

359 2084 498 2149 Remitte
529 2082 608 2147 mihi
638 2082 807 2169 euangelia
839 2084 1010 2168 castigata:
1044 2085 1193 2169 percupit
1227 2105 1265 2148 ea
1298 2083 1410 2148 videre
1440 2095 1565 2149 noster

362 2191 540 2253 communis
574 2186 782 2253 Aristarchus
819 2187 864 2252 M.
904 2187 945 2252 N.
980 2187 1139 2252 Martinus
1173 2188 1327 2275 Dorpius.
1370 2187 1457 2253 Nihil
1500 2199 1563 2268 est,

301 2281 302 2284 ¹
361 2293 449 2380 quod
471 2292 709 2358 ardentioribus
732 2302 840 2378 optem
860 2294 953 2375 votis,
977 2314 1075 2378 quam
1095 2301 1130 2357 ut
1150 2295 1213 2357 sint
1233 2293 1387 2380 epistolae
1402 2292 1564 2380 paulinae

362 2419 436 2462 oum
460 2397 625 2462 catholicis
649 2399 824 2482 castigatae
848 2397 900 2461 die
924 2397 1083 2462 dominico
1107 2406 1163 2462 aut
1179 2398 1230 2463 die
1257 2398 1354 2463 lunae
1369 2408 1441 2485 post
1454 2401 1562 2463 meri-
1641 2451 1642 2466 i

363 2501 459 2566 diem.
487 2501 560 2582 Quo
580 2503 699 2566 rectius
721 2503 827 2566 omnia
846 2501 1013 2588 prodeant,
1036 2502 1090 2566 ibo
1111 2501 1164 2567 die
1183 2504 1296 2568 martis
1317 2523 1440 2567 summo
1455 2525 1563 2569 mane

362 2605 581 2685 Mechliniam,
593 2615 641 2674 ,ut
658 2606 781 2672 ibidem
797 2616 971 2693 utrumque
986 2608 1155 2696 exemplar
1170 2609 1335 2673 conferam
1351 2609 1437 2695 apud
1451 2608 1564 2673 Mino·

366 2712 452 2776 ritas.
498 2711 591 2775 Idem
623 2713 717 2797 cupio
748 2711 819 2776 fieri
849 2712 890 2776 de
920 2712 1036 2777 indice.
1082 2712 1266 2778 Adhortare
1301 2713 1434 2778 fratrem
1460 2711 1564 2778 illum

363 2815 458 2902 longe
482 2815 717 2899 charissimum,
741 2826 777 2880 ut
797 2817 958 2882 rescribat
979 2817 1129 2883 indicem.
1164 2817 1224 2883 Est
1246 2840 1309 2904 quo
1333 2818 1562 2904 compensabi-

364 2931 416 2986 tur
432 2923 598 3007 utriusque
613 2920 705 2986 labor
720 2931 755 2986 ut
770 2921 1010 3006 saluberrimus,
1026 2925 1072 2988 ita
1083 2922 1212 2989 Ohristo
1224 2922 1390 3009 Pauloque
1406 2923 1563 3008 dignissi-

364 3046 444 3090 mus.
490 3026 628 3091 Louanii
651 3048 668 3089 e
691 3029 808 3090 nostris
831 3026 976 3092 aedibus.

458 3151 525 3200 ·Aus
543 3150 603 3201 dem
622 3149 686 3200 eod.
705 3149 770 3202 Hor.
789 3149 820 3200 Α.
838 3168 864 3216 p.
883 3153 942 3201 119.

362 3378 489 3429 waen.
894 3357 1017 3424 LVIII.
1338 3379 1457 3429 Februar
1475 3381 1562 3429 1524.

367 3559 538 3618 Martinus
569 3560 723 3628 Lypslus
753 3560 996 3616 Bruxellensis
1028 3561 1104 3616 viro
1137 3560 1341 3616 diuinarum
1371 3561 1564 3616 literarum

546 3665 805 3721 studiosissimo
828 3665 959 3722 Alardo
983 3665 1262 3722 Amstelredamo
1285 3665 1322 3719 P.
1346 3666 1377 3720 8.

469 3851 515 3916 Ut
530 3873 643 3915 verum
658 3850 769 3928 fatear,
793 3850 1022 3915 humanissime
1039 3849 1170 3929 Alarda
1195 3873 1269 3915 oum
1291 3871 1343 3916 me
1359 3849 1564 3916 oblectarem

366 3958 456 4021 varia
490 3955 648 4020 bonorum
681 3964 829 4020 autorum
858 3955 1003 4033 lectione,
1039 3977 1103 4040 qua
1133 3978 1197 4020 uon
1230 3954 1326 4021 modo
1359 3956 1562 4032 instructior,

365 4082 479 4125 verum
511 4061 607 4124 etiam
637 4060 748 4126 melior
781 4059 874 4125 reddi
903 4082 1040 4147 possem,
1071 4060 1212 4146 mihique
1237 4061 1442 4147 ,propositum
1470 4071 1564 4124 esset

367 4167 516 4232 omnibus
544 4165 736 4252 posthabitis
762 4165 977 4251 pulcherrime
1005 4168 1125 4252 pariter
1162 4189 1201 4230 ac
1236 4165 1444 4230 saluberrime
1478 4164 1563 4230 huic
1638 4163 1639 4170 '

367 4272 599 4335 exercitacioni
628 4281 874 4357 perseueranter
902 4271 1078 4349 inhaerere,
1113 4293 1284 4356 aggressus
1316 4293 1350 4336 cs
1380 4293 1431 4334 me
1461 4272 1565 4336 nimis

366 4375 511 4462 profecto
536 4375 744 4453 confidenter,
769 4398 809 4440 ne
834 4376 912 4460 quid
933 4374 1021 4441 aliud
1044 4376 1151 4441 dicam
1172 4375 1346 4463 postulans,
1371 4378 1434 4439 imo
1451 4385 1565 4441 extor-

369 4501 481 4567 quens,
506 4491 541 4546 ut
564 4482 670 4544 omnia
691 4482 768 4545 noui
789 4482 992 4546 instrumenti
1014 4480 1177 4546 uolumina
1200 4503 1274 4546 cum
1295 4491 1423 4545 nostrae
1444 4480 1566 4546 biblio·

410 4713 418 4746 ¹
437 4712 571 4777 Datirung
589 4712 677 4778 ergibt
695 4712 750 4761 sich
769 4727 817 4762 aus
834 4711 932 4761 LVIII,
