3320 5742
367 497 428 559 118
885 513 1032 555 norsum.
1460 506 1549 578 [780]

364 689 570 773 indiligenter
592 695 779 754 excusum.¹
817 691 897 754 Eius
919 691 993 755 libri
1015 691 1164 755 dominus
1188 692 1283 756 simul
1306 713 1382 755 eum
1403 692 1456 756 illo
1480 714 1550 755 eon-

366 796 488 859 cinnari
519 804 647 858 curarat
668 793 833 859 Α1111611112
863 796 1031 861 cuiusdam
1054 796 1257 860 Benedictini
1290 797 1331 860 de
1354 798 1551 861 Francorum

364 902 463 985 gestis
486 900 648 964 chronica.
694 899 817 963 Verum
838 903 866 963 is
889 909 988 978 autor,
1013 902 1047 964 ni
1069 923 1142 964 mea
1164 923 1217 964 me
1239 901 1321 965 fallit
1344 903 1461 986 opinio,
1490 924 1551 965 non

364 1004 500 1068 multum
522 1004 581 1068 tibi
603 1004 780 1089 placiturus
803 1015 861 1086 est,
889 1006 974 1089 quod
998 1006 1139 1070 cultioris
1160 1005 1345 1070 literaturae
1367 1027 1498 1090 prorsus
1515 1010 1553 1070 sit

365 1132 492 1195 expers.
537 1109 623 1173 Nam
654 1101 686 1172 et
708 1110 830 1174 Badius
859 1112 929 1196 ipse
960 1113 1108 1196 quamuis
1139 1133 1213 1175 eum
1244 1134 1302 1175 suo
1334 1111 1486 1195 dignatus
1516 1113 1553 1175 sit

364 1215 462 1301 prelo,
486 1225 594 1280 tamen
609 1236 686 1278 vere
701 1215 789 1279 illum
806 1217 911 1301 potius
933 1237 1030 1301 quam
1053 1216 1219 1300 eleganter
1242 1217 1408 1300 scripsisse
1432 1219 1551 1280 asserit.

364 1321 487 1384 Verum
517 1342 557 1383 ne
587 1319 707 1383 diutius
737 1328 769 1383 te
798 1321 977 1385 utilioribus
1008 1322 1175 1385 addictum
1204 1323 1347 1404 negociis
1382 1321 1552 1398 detineam,

363 1427 456 1489 mitto
477 1424 622 1488 libellum
652 1424 748 1501 hunc,
779 1447 876 1510 quem
905 1425 999 1490 nobis
1021 1426 1144 1512 inclyta
1167 1427 1344 1489 transmisit
1366 1424 1551 1501 Germania,

363 1551 428 1593 non
450 1538 486 1593 ut
508 1551 547 1592 eo
568 1550 621 1591 me
642 1529 777 1593 liberem
800 1552 874 1593 aere
897 1530 1011 1608 aliene,
1036 1531 1093 1594 sed
1116 1540 1151 1593 ut
1172 1531 1267 1607 neria,
1297 1530 1384 1615 quod
1408 1533 1553 1594 conscius

364 1635 442 1700 mibi
467 1657 537 1698 sum
558 1634 666 1698 multis
688 1635 872 1699 nominibus
903 1657 955 1699 me
986 1637 1044 1700 tibi
1075 1658 1146 1700 esse
1177 1636 1376 1700 obstrictum.
1422 1635 1554 1719 Nequeo

364 1750 473 1806 tamen
487 1738 566 1802 mihi
588 1747 777 1824 temperare,
802 1742 877 1823 quia
900 1740 1037 1803 alterum
1060 1740 1139 1804 illud
1155 1740 1305 1804 volumen
1320 1749 1442 1825 petam,
1469 1742 1554 1804 ouius

364 1847 398 1908 in
428 1853 484 1907 tua
516 1843 650 1928 epistola
671 1845 867 1907 mentionem
890 1843 1003 1922 fecisti,
1035 1844 1122 1928 quod
1151 1845 1276 1908 utinam
1305 1845 1398 1908 breui
1431 1845 1554 1907 mittere

364 1949 468 2013 liceat.
514 1946 615 2032 Spero
638 1957 670 2010 te
692 1947 863 2026 faotmum
895 1949 981 2033 quod
1008 1949 1143 2033 postulo.
1191 1948 1353 2035 Superest,
1385 1959 1423 2012 ut
1455 1951 1554 2033 magis

364 2054 532 2137 magisque
556 2052 709 2116 obfirmes
731 2055 875 2118 animum
898 2055 931 2117 in
954 2076 1065 2118 earum
1089 2054 1254 2119 literarum
1278 2054 1392 2132 studi0,
1418 2076 1504 2139 quae
1526 2065 1554 2116 te

363 2181 428 2222 non
451 2156 547 2221 modo
570 2159 718 2242 peritum,
744 2157 802 2221 sed
818 2160 915 2222 etiam
931 2160 1021 2244 pium
1044 2158 1182 2223 reddere
1205 2167 1334 2243 queant.
1363 2159 1457 2223 Bene
1475 2159 1552 2234 vale,

363 2263 465 2326 frater
483 2285 525 2325 ex
543 2263 650 2325 animo
674 2262 801 2344 dilecte,
826 2273 978 2348 certoque
1001 2263 1060 2327 tibi
1084 2263 1244 2349 persuade
1268 2285 1324 2327 nos
1341 2262 1400 2327 tibi
1424 2265 1459 2327 in
1483 2265 1552 2327 ami-

365 2371 467 2434 ciciae
490 2391 589 2432 arena
612 2391 779 2454 nunquam
803 2391 962 2433 cessuros:
998 2371 1050 2434 Ex
1067 2371 1201 2454 collegio
1222 2371 1413 2434 Martinensi
1438 2371 1489 2434 13.
1505 2370 1552 2432 de-

366 2473 514 2538 cambris.

470 2598 525 2648 Aus
544 2597 603 2647 dam
623 2597 687 2647 Cod.
706 2599 771 2647 Hor.
790 2598 820 2648 Α.
839 2615 864 2664 p.
885 2600 942 2648 143.

871 2824 1045 2890 LXXXV.

522 3025 723 3081 Guilelmus
746 3024 978 3080 Louaniensio
1002 3025 1133 3091 Lypsio
1157 3037 1221 3078 suo
1244 3024 1274 3079 S.
1299 3025 1336 3078 P.
1361 3025 1400 3078 D.

467 3211 518 3274 En
548 3210 616 3286 tibi,
653 3209 835 3273 doctissime
865 3218 962 3294 atque
994 3210 1194 3273 ornatissime
1225 3208 1375 3286 Martine,
1410 3207 1547 3282 alterum,

364 3315 450 3400 quod
484 3314 660 3400 postulasti,
692 3313 853 3390 volumen,
883 3315 981 3398 priori
1005 3323 1070 3378 tam
1102 3312 1276 3394 consimile,
1307 3322 1344 3375 ut
1372 3314 1431 3375 vix
1462 3333 1548 3376 ouum

364 3442 424 3484 ouo
441 3419 583 3482 similius.
622 3419 722 3482 Utere
738 3440 785 3494 ee,
810 3427 845 3480 ut
860 3418 948 3494 libet,
972 3417 1071 3503 idque
1087 3417 1142 3481 diu
1158 3417 1234 3479 satis
1258 3425 1290 3478 et
1312 3415 1355 3479 ad
1379 3417 1549 3478 satietatem

362 3547 475 3610 usque.
521 3523 606 3587 Nam
629 3524 662 3586 in
684 3523 746 3587 alio
769 3523 961 3587 remittendo
985 3531 1127 3586 nostram
1154 3521 1351 3606 praeuenisti
1374 3521 1549 3605 opinionem

363 3651 542 3714 vereorque
565 3637 597 3690 te
619 3627 674 3692 illo
696 3629 802 3691 minus
832 3627 971 3691 fidenter
992 3649 1053 3691 nec
1077 3627 1153 3690 satis
1175 3648 1235 3711 pro
1257 3633 1333 3688 voto
1356 3646 1453 3687 usum
1475 3645 1548 3686 esse.

364 3734 461 3814 Quod
477 3735 526 3796 si³
549 3742 605 3809 est,
630 3732 749 3796 redibit
771 3733 813 3797 ad
837 3742 878 3809 te,
903 3732 1032 3818 quando
1055 3731 1153 3795 voles.
1192 3731 1327 3794 Interim
1343 3753 1421 3794 vero
1442 3731 1550 3794 mirum

364 3840 462 3922 diotrr,
487 3847 643 3924 quantum
666 3837 744 3901 mihi
767 3836 917 3921 gratulor,
943 3836 1029 3921 quod
1052 3836 1199 3912 habeam,
1224 3857 1287 3920 quo
1315 3834 1373 3897 tibi
1391 3843 1550 3918 utcunque

364 3945 484 4029 possim
507 3943 691 4027 gratificari.
729 3942 773 4005 Et
792 3963 868 4004 vere
891 3941 1019 4024 gaudeo
1041 3964 1080 4004 ac
1104 3963 1201 4026 supra
1224 3961 1320 4024 quam
1344 3938 1434 4002 credi
1456 3939 1551 4024 possit

407 4173 414 4206 ¹
433 4172 560 4238 Ausgabe
578 4187 632 4220 von
652 4173 728 4221 1514.

407 4261 416 4295 ²
434 4259 562 4310 Offenbar
578 4257 718 4307 Aimoinus
742 4274 796 4307 von
814 4256 914 4319 Fleury
936 4271 986 4305 aus
1010 4255 1069 4304 dem
1092 4254 1216 4320 Anfange
1240 4254 1287 4304 des
1310 4253 1404 4304 eilften
1422 4255 1552 4304 Jahrhun-

434 4347 512 4409 derts,
532 4347 579 4396 der
596 4344 813 4410 unzuverliissige
823 4343 994 4409 compilator.
1013 4342 1192 4392 Wattenbach
1210 4341 1228 4392 l.
1241 4358 1264 4391 c.
1278 4343 1337 4392 260.
1361 4341 1413 4390 Die
1431 4343 1468 4390 im
1487 4342 1553 4390 Text

434 4435 523 4484 citirte
541 4433 666 4498 Ausgabe
684 4431 806 4481 erschien
824 4435 903 4481 unter
922 4431 981 4480 dem
1000 4429 1084 4480 Titel:
1108 4429 1228 4478 Annonii
1246 4429 1370 4498 monaehi
1388 4429 1464 4478 Ben.
1478 4467 1505 4479 ..
1522 4428 1552 4476 de

432 4535 525 4586 regum
547 4533 741 4586 procerumque
766 4517 930 4567 Francorum
955 4518 1056 4582 origine
1079 4517 1216 4582 gestisque
1236 4553 1262 4566 ..
1279 4555 1285 4567 .
1301 4554 1306 4564 .
1325 4530 1410 4580 usque
1433 4515 1467 4564 ad
1486 4513 1550 4564 Phil.

433 4607 583 4673 Augustum
601 4606 663 4656 libri
681 4607 713 4656 V.
734 4605 813 4670 (stud
832 4603 924 4670 Parvi)
943 4605 1026 4654 Paris.
1044 4603 1196 4653 Ascensius.
1217 4603 1292 4652 1514.
1311 4601 1357 4652 fol.

408 4695 419 4730 ³
436 4697 478 4748 sit.
