3320 5742
383 563 447 630 120
526 589 528 594 ·
600 625 605 638 ,
882 583 1048 624 soatio.
1482 573 1569 646 [rsa]

381 781 462 822 mus.
486 757 636 836 Audiam,
660 760 756 823 modo
772 782 806 822 se
822 759 962 823 fateatur
977 758 1160 823 huiusmodi
1179 761 1282 834 neniis
1305 761 1338 821 in
1361 761 1408 822 tui
1431 781 1569 823 amorem

305 895 310 906 ·
382 863 456 926 olim
479 863 578 927 fuisse
609 863 791 949 pellectum.
836 864 951 949 Neque
975 865 1060 928 enim
1084 873 1150 927 tam
1174 863 1292 927 obesae
1307 852 1404 927 'naris
1427 886 1507 946 sum,
1537 875 1570 927 ut

381 989 445 1031 non
472 967 656 1052 intelligam,
689 968 767 1053 quid
790 969 822 1031 in
845 968 969 1053 Lypsio
1001 990 1058 1031 suo
1088 969 1204 1031 amarit
1233 968 1399 1045 Erasmus,
1433 968 1518 1052 quod
1541 979 1570 1030 et

381 1081 454 1135 ante
478 1072 673 1149 diuinabam,
697 1072 808 1150 fateor,
833 1094 906 1136 cum
929 1072 1008 1135 nihil
1030 1071 1137 1136 adhuc
1152 1081 1283 1135 tuarum
1297 1072 1455 1136 vidissem
1470 1073 1570 1136 litera-

380 1199 461 1254 rum,
492 1199 554 1240 nec
584 1187 652 1240 tum
682 1177 769 1241 aliud
799 1177 878 1240 mihi
907 1176 1133 1262 praesagiebat
1156 1178 1289 1253 animus,
1324 1199 1400 1240 cum
1428 1176 1570 1240 audirem

380 1281 439 1345 tibi
461 1282 650 1346 familiarem
682 1304 755 1345 cum
784 1281 838 1345 illo
869 1281 1136 1345 consuetudinem
1167 1303 1247 1358 esse,
1280 1303 1378 1367 quam
1410 1281 1570 1345 literarum

379 1387 432 1451 vel
466 1390 607 1452 maxime
640 1388 744 1471 gratia
776 1397 843 1451 tam
875 1387 1004 1451 felicem
1037 1389 1120 1450 inter
1150 1409 1207 1450 vos
1239 1389 1351 1450 coiisse
1382 1388 1570 1450 amiciciam.

380 1491 462 1556 Tun'
479 1493 577 1576 igitur
591 1491 698 1554 literas
714 1501 794 1568 tuas,
818 1513 924 1554 meras
944 1493 1072 1555 omnino
1096 1491 1272 1574 elegantias
1295 1501 1327 1554 et
1348 1513 1445 1555 veras
1470 1490 1570 1554 cordis

379 1599 442 1660 mci
466 1596 608 1672 delicias,
633 1596 691 1659 has
713 1604 757 1672 tu,
783 1597 809 1658 si
832 1595 893 1659 diis
916 1595 1032 1680 placet,
1056 1597 1169 1672 nenias
1192 1595 1396 1681 appellabis?
1444 1594 1512 1660 Sed
1534 1596 1570 1659 de

378 1700 427 1764 his
449 1702 513 1764 iam
536 1700 608 1784 plus
632 1704 718 1764 satis.
765 1699 878 1764 Mones
910 1722 961 1777 ,nc
985 1701 1088 1764 cuiuis
1111 1722 1151 1763 ao
1175 1701 1255 1764 citra
1281 1700 1445 1764 delectum
1477 1702 1570 1764 mani·

378 1806 494 1869 festam
515 1806 613 1869 animi
636 1806 699 1868 mei
722 1806 924 1869 sententiam‘
947 1813 980 1868 et
1002 1815 1062 1868 cet.
1087 1805 1211 1868 Verum
1233 1804 1267 1868 id
1289 1814 1356 1869 tam
1372 1806 1478 1868 amice
1495 1804 1571 1868 facis

379 1933 417 1973 ac
441 1910 585 1987 dulciter,
610 1919 645 1973 ut
659 1909 761 1974 verba
779 1913 852 1994 ipsa
866 1911 936 1972 veri
959 1910 1054 1973 amici
1077 1908 1206 1972 dulcem
1229 1918 1387 1972 testentur
1410 1911 1569 1974 affectum.

380 2015 485 2094 Quem
514 2024 551 2078 ut
579 2037 656 2078 vere
683 2024 775 2099 grato
804 2013 983 2099 amplector
1011 2017 1128 2091 anima,
1159 2015 1204 2078 ita
1234 2015 1321 2098 quod
1346 2037 1426 2078 vere
1448 2037 1503 2079 res
1526 2025 1571 2079 est

378 2141 442 2183 non
473 2119 647 2183 dissimulo.
693 2118 728 2184 Si
757 2119 841 2183 bene
872 2119 931 2182 tibi
959 2129 1053 2183 notus
1077 2141 1181 2182 essem
1205 2129 1237 2182 ct
1259 2128 1373 2204 pectus
1395 2142 1507 2184 meum
1530 2123 1571 2184 ita

378 2245 489 2309 posses
512 2225 705 2309 perspicere,
728 2233 765 2287 ut
786 2223 844 2288 hos
868 2225 977 2308 apices
1001 2225 1143 2300 intueris,
1172 2225 1271 2287 scires
1294 2223 1449 2308 profecte,
1477 2248 1571 2311 quam

378 2350 442 2393 non
465 2329 561 2392 fuerit
583 2329 801 2392 necessarium
827 2327 889 2392 hoc
919 2330 1090 2392 monuisse.
1135 2328 1210 2393 Non
1242 2350 1313 2391 sum
1344 2326 1570 2416 (mihicrede)

380 2433 442 2498 hac
465 2435 497 2496 in
528 2455 562 2496 re
591 2442 657 2497 tam
684 2455 850 2518 praeceps,
883 2427 918 2496 ut
946 2443 983 2497 tu
1014 2434 1148 2497 forsitan
1177 2432 1351 2497 arbitraris.
1396 2433 1504 2497 Mouit
1533 2445 1569 2511 te,

380 2560 461 2619 reor,
494 2538 580 2622 quod
609 2539 717 2622 ignoto
748 2560 879 2623 prorsus
902 2547 934 2600 et
956 2560 1122 2622 nunquam
1145 2538 1222 2602 mihi
1245 2541 1316 2602 viso
1342 2538 1464 2602 homini
1497 2538 1571 2603 nihil

381 2653 550 2707 cunctatus
572 2644 669 2706 animi
693 2644 755 2706 mei
778 2643 933 2706 iudicium
956 2652 1022 2707 tam
1037 2643 1131 2706 facilc
1148 2643 1367 2707 indicaueram
1383 2665 1422 2706 ac
1437 2643 1571 2728 proinde

380 2748 477 2812 talem
500 2770 552 2811 me
576 2746 733 2811 credebas
756 2747 844 2832 apud
871 2747 960 2824 alios,
993 2748 1096 2832 qualis
1119 2747 1256 2811 videbar
1278 2747 1366 2832 apud
1388 2759 1430 2811 te.
1479 2746 1571 2826 Quod

295 2883 297 2888 ·
381 2875 478 2938 quam
501 2853 595 2936 longe
619 2852 711 2915 aliter
734 2875 768 2914 se
790 2852 918 2929 habeat,
949 2854 1081 2934 utinam,
1112 2854 1156 2916 mi
1178 2853 1326 2928 Martine,
1357 2875 1480 2917 nosses.
1527 2852 1570 2916 Si·

380 2957 511 3041 quidem
537 2959 570 3019 in
602 2958 751 3041 opinione
781 2956 922 3040 tegenda
943 2966 982 3020 et
1013 2957 1244 3043 supprimenda
1274 2959 1371 3020 animi
1403 2959 1569 3038 sententia,

379 3050 452 3146 plus
481 3060 574 3124 valeo
607 3059 729 3146 (dicam
758 3061 840 3123 forte
870 3063 1080 3145 arrogantius,
1114 3061 1170 3125 sed
1201 3071 1309 3125 tamen
1338 3060 1441 3148 vere),
1475 3083 1569 3147 qnam

380 3167 530 3250 cuiquam
554 3165 740 3250 persuaderi
763 3175 880 3251 posset.
920 3166 1026 3246 Quem
1055 3176 1142 3229 certe
1172 3188 1293 3230 morem
1324 3167 1466 3250 genuina
1498 3189 1568 3251 qua-

380 3270 455 3334 dam
479 3279 613 3333 naturae
635 3271 759 3334 ratione
783 3271 859 3333 satis
882 3271 959 3333 mihi
982 3271 1173 3335 familiarem
1197 3272 1308 3351 sentio,
1333 3293 1408 3334 cum
1423 3273 1457 3334 in
1473 3273 1567 3334 omni-

378 3376 449 3452 bus,
482 3385 550 3438 tum
581 3376 782 3459 potissimum
805 3375 838 3437 in
861 3376 929 3438 istis
952 3384 1049 3460 atque
1072 3375 1167 3439 huius
1199 3377 1326 3459 generis
1349 3374 1457 3452 rebus,
1490 3399 1568 3462 quae

378 3478 428 3565 (ut
443 3501 519 3542 vere
536 3478 664 3564 scribis)
688 3478 766 3542 nihil
782 3478 907 3543 authori
923 3480 1066 3543 referunt
1080 3489 1209 3564 praeter
1231 3479 1340 3543 odium
1355 3488 1388 3542 et
1403 3480 1566 3544 inuidiam.

378 3583 450 3646 Non
467 3583 554 3667 quod
577 3582 658 3646 haec
680 3605 876 3668 magnopere
899 3587 1038 3661 timeam,
1064 3584 1121 3647 sed
1145 3584 1231 3670 quod
1254 3607 1274 3647 a
1295 3593 1411 3648 natura
1434 3587 1480 3648 ita
1504 3609 1569 3649 sum

378 3691 552 3765 institutus,
583 3696 620 3750 ut
649 3687 747 3751 nolim
771 3687 922 3752 dehisce
946 3688 1043 3752 rebus
1067 3711 1141 3752 cum
1165 3711 1292 3774 quoque
1323 3690 1507 3754 mortalium
1529 3690 1568 3753 di-

378 3793 523 3877 gladiari.
569 3792 650 3856 Tam
673 3793 781 3857 multis
803 3796 868 3856 iam
895 3796 987 3857 annis
1018 3783 1070 3857 hic
1094 3817 1212 3871 versor,
1244 3799 1328 3857 inter
1358 3816 1421 3871 eos,
1455 3796 1568 3880 quibus

377 3920 442 3962 non
464 3898 527 3962 alia
551 3907 624 3961 sunt
640 3897 754 3974 studia,
780 3919 877 3982 quam
892 3921 939 3975 ea,
965 3921 1047 3984 quae
1068 3899 1187 3963 alicubi
1203 3899 1261 3962 tibi
1276 3900 1440 3962 recensui:
1466 3909 1569 3963 tamen

378 4002 535 4066 hactenus
557 4023 609 4065 me
632 4023 727 4065 nemo
750 4002 875 4065 audiuit
889 4002 941 4066 vel
962 4003 1064 4066 tribus
1087 4003 1196 4067 uerbis
1220 4003 1260 4067 de
1283 4003 1333 4067 his
1350 4002 1567 4079 disserentem,

378 4130 443 4171 non
466 4107 506 4170 ob
531 4105 619 4171 aliud
642 4129 728 4183 sane,
753 4109 813 4170 nisi
837 4107 923 4192 quod
947 4107 996 4192 (ut
1011 4109 1074 4170 tuis
1090 4117 1161 4172 utar
1177 4107 1300 4187 verbis)
1325 4109 1487 4173 sanabiles
1509 4131 1568 4172 non

378 4213 503 4297 reperio
520 4221 551 4275 et
566 4211 600 4274 id
623 4233 674 4274 me
691 4209 778 4295 apud
801 4213 878 4275 istos
902 4210 1021 4275 frustra
1043 4212 1195 4297 nulloque
1219 4211 1326 4276 fructu
1350 4214 1450 4276 sciam
1473 4213 1567 4276 factu-

378 4338 459 4378 rum.
505 4315 550 4378 At
573 4325 681 4378 tecum
703 4315 780 4378 mihi
811 4315 906 4399 longe
934 4316 997 4380 alia
1026 4318 1106 4380 ratio
1137 4325 1194 4379 est.
1240 4317 1363 4380 Verum
1386 4317 1449 4381 hac
1473 4318 1514 4380 de
1535 4339 1566 4380 re

378 4442 464 4483 nunc
480 4420 587 4484 dicam
603 4420 690 4497 nihil,
713 4420 799 4506 quod
819 4442 871 4484 me
891 4423 982 4484 istius
1002 4423 1066 4484 iam
1085 4423 1213 4506 iamque
1229 4421 1352 4506 pudeat
1366 4422 1566 4504 garrulitatis.

378 4524 549 4588 Sermones
571 4525 659 4588 Petri
683 4525 880 4589 Rauennatis
910 4548 975 4589 non
1005 4535 1080 4610 peto
1105 4549 1165 4589 nec
1188 4535 1305 4611 petam,
1338 4525 1442 4588 donec
1467 4528 1567 4589 ocium

379 4629 529 4712 obtigerit
544 4629 586 4693 ad
601 4629 662 4693 hoc
677 4631 905 4694 necessarium.
930 4629 1027 4710 Quod
1042 4653 1084 4694 an
1100 4630 1272 4717 aliquando
1289 4630 1418 4694 dabitur
1433 4630 1565 4694 haesito:

377 4736 422 4797 ita
444 4737 478 4798 in
500 4735 568 4799 dies
592 4744 782 4799 accrescunt
798 4737 1026 4821 occupationes
1045 4746 1077 4800 et
1093 4738 1125 4799 in
1141 4736 1266 4820 hydrae
1281 4758 1403 4800 morem
1418 4758 1483 4799 uno
1499 4758 1565 4800 con-
