3320 5742
292 453 293 456 ¹
353 452 395 516 98
876 465 1022 506 Horawitz.

355 643 442 729 quod
466 645 499 707 in
522 664 559 705 eo
591 641 753 727 quaedam
785 641 958 717 desideret,
991 641 1077 726 quod
1109 663 1182 704 eum
1210 640 1322 722 libere,
1351 639 1410 703 sed
1436 649 1543 704 tamen
1630 640 1631 643 ’

354 751 407 835 pie
441 748 652 833 modesteque
688 755 907 823 commoneat,
941 747 1036 810 modo
1071 746 1113 809 ab
1147 744 1308 809 indecoris
1343 744 1543 808 contumeliis

354 861 522 938 temperet.
567 851 650 936 Legi
674 860 706 914 et
729 873 787 934 ego
810 849 955 915 libellum
978 850 1169 935 praefatum,
1194 849 1273 913 nihil
1295 852 1436 936 repperi,
1460 850 1544 934 quod

354 981 406 1023 me
431 957 618 1022 offenderet.
664 956 800 1034 Placuit,
826 956 912 1042 quod
935 958 968 1019 in
990 965 1093 1020 totum
1122 966 1247 1020 careret
1270 954 1393 1038 aculeo,
1425 955 1544 1040 placuit

263 1043 267 1050 ⁵
357 1063 532 1128 christiana
556 1061 722 1138 sobrietas,
757 1084 821 1147 qua
845 1063 1012 1147 quaerenti
1038 1060 1149 1124 similis
1173 1063 1225 1145 pie
1250 1060 1373 1124 mauult
1397 1060 1544 1124 dubitare

356 1191 453 1254 quam
475 1177 599 1232 temere
622 1167 797 1251 quicquam
820 1164 971 1230 diffinire.
1006 1166 1049 1228 Et
1072 1165 1151 1250 quid
1169 1168 1272 1229 estin
1288 1175 1354 1229 toto
1372 1187 1410 1230 eo
1426 1165 1542 1247 libello,

355 1274 442 1361 quod
464 1271 587 1337 Lutcro
610 1293 807 1356 magnopere
830 1272 932 1356 possit
954 1269 1092 1334 obesse?
1115 1271 1186 1334 Nec
1209 1270 1398 1355 indignaris,
1423 1272 1542 1355 opinor,

355 1381 432 1465 quia
454 1401 519 1442 nou
542 1379 577 1440 in
600 1376 749 1442 omnibus
772 1376 893 1440 Lutero
916 1375 1044 1440 aceedit
1065 1376 1232 1440 Erasmus.
1278 1375 1360 1456 Quis
1388 1377 1474 1438 enim
1499 1382 1545 1438 est

355 1485 388 1547 in
421 1492 487 1547 toto
523 1481 698 1546 christiano
732 1480 823 1558 orbe,
857 1483 912 1567 qui
945 1503 1134 1545 asseuerare
1167 1480 1286 1544 audeat
1318 1480 1481 1545 Luterum
1514 1481 1545 1542 iu

357 1589 482 1652 cunctis
505 1596 594 1651 recte
617 1586 757 1659 sentire?
803 1585 837 1650 Si
860 1588 932 1672 quis
956 1595 1013 1664 est,
1038 1589 1065 1650 is
1088 1609 1162 1650 mea
1184 1587 1343 1650 sententia
1358 1587 1392 1648 in
1406 1584 1545 1648 bestiam

356 1693 576 1778 degenerauit,
601 1713 676 1754 oum
699 1712 760 1754 nec
783 1693 852 1776 ipse
868 1691 1009 1754 Luterus
1032 1691 1067 1756 id
1089 1699 1284 1776 praesumat.
1319 1687 1417 1754 Absit
1438 1693 1543 1774 igitur,

355 1807 391 1863 ut
407 1798 448 1862 ob
464 1819 533 1862 rem
556 1796 716 1860 tantillam
739 1797 903 1861 desciscas
925 1795 967 1861 ab
992 1818 1029 1860 eo
1051 1798 1131 1874 viro,
1157 1798 1230 1860 cui¹
1256 1818 1330 1859 cum
1351 1796 1412 1861 tibi
1436 1798 1543 1860 arctis-

357 1906 439 1968 sima
466 1902 527 1966 fuit
558 1902 766 1986 consuetudo,
798 1904 896 1966 etiam
923 1903 1114 1987 priusquam
1136 1902 1281 1988 Lypsius
1310 1900 1486 1986 prodiisset
1514 1903 1544 1964 in

357 2007 525 2071 niundum.
571 2008 664 2071 Haec
688 2007 835 2090 dixerim,
859 2029 923 2071 non
946 2009 1032 2092 quod
1055 2009 1135 2070 meis
1158 2008 1288 2070 monitis
1302 2007 1362 2070 tibi
1379 2029 1458 2090 opus
1474 2027 1544 2069 esse

359 2115 562 2190 existimem,
598 2112 657 2176 sed
687 2122 723 2176 ut
756 2115 860 2193 noris,
902 2122 1021 2197 quanto
1055 2113 1174 2176 affectu
1208 2113 1345 2196 cupiam,
1386 2132 1544 2196 quamque

303 2210 305 2214 ’
356 2218 569 2302 flagrantibus
592 2219 675 2282 votis
699 2227 860 2303 exoptem,
884 2228 921 2281 ut
942 2227 1054 2286 mutua
1076 2219 1159 2281 inter
1182 2238 1240 2280 nos
1263 2225 1450 2302 perseueret
1472 2215 1544 2279 cha·

358 2327 446 2390 ritas.
493 2324 569 2407 Oro,
594 2333 639 2401 ut,
671 2326 697 2387 si
720 2324 789 2388 fieri
817 2334 931 2410 potest,
963 2345 1094 2410 prorsus
1122 2345 1174 2399 me
1202 2323 1265 2387 hoo
1295 2331 1384 2386 metu
1417 2322 1543 2386 liberes.

359 2431 450 2494 Bene
483 2430 573 2507 vale,
609 2432 654 2493 mi
687 2438 879 2515 praeceptor
914 2430 1148 2493 colendissimo,
1194 2429 1326 2513 Raptim
1359 2449 1402 2490 cx
1436 2435 1545 2490 nostra

361 2534 476 2600 cellula
497 2536 602 2621 primo
626 2535 679 2599 die
701 2536 776 2599 Mai.
823 2535 919 2599 Anno
945 2535 1037 2599 1525.

460 2659 595 2710 Aus'dem
614 2657 678 2710 Cod.
696 2660 761 2710 Hor.
779 2659 810 2710 A.
829 2676 854 2724 p.
875 2661 925 2710 124
937 2659 955 2709 f.

873 2869 1030 2935 LXVIII.
1421 2835 1514 2940 isaar

445 3071 590 3126 carolus
614 3071 810 3136 Suoquetus
833 3070 1022 3136 Brugeusis
1047 3070 1200 3127 Martino
1224 3070 1358 3137 Lypsio
1382 3072 1413 3125 S.
1430 3073 1467 3126 P.

460 3255 534 3318 Non
565 3254 661 3318 facile
693 3253 815 3335 credas,
847 3253 1078 3318 humanissime
1105 3255 1253 3332 Martine,
1286 3264 1443 3340 quantum
1475 3278 1545 3319 cum

358 3361 532 3445 uoluptatis
556 3369 624 3424 tum
655 3358 838 3444 compendii
868 3358 1020 3422 hesterna
1052 3359 1106 3423 illa
1137 3357 1353 3424 confabulatio
1383 3369 1440 3424 tua
1471 3359 1544 3424 mihi

360 3465 511 3528 attulerit.
525 3489 530 3496 ’
550 3465 600 3528 Ea
623 3466 708 3526 enim
725 3471 757 3528 et
772 3465 915 3527 animum
932 3463 1199 3530 sollicitudinibus
1221 3487 1286 3528 nou
1301 3465 1396 3531 modo
1416 3466 1544 3546 lassum,

360 3569 418 3632 sed
441 3577 472 3632 et
495 3569 645 3633 obrutum
669 3590 773 3653 paene
796 3570 938 3633 refecisti
961 3578 993 3632 et
1016 3571 1165 3648 amicum,
1190 3579 1226 3634 ut
1247 3579 1393 3656 apparet,
1420 3570 1546 3634 oandIdi

358 3676 497 3760 pectoris
528 3674 605 3738 mihi
628 3673 823 3738 lucrifecisti.
859 3673 1024 3760 Quicquid
1054 3675 1160 3738 idest
1189 3674 1339 3740 beneficii
1372 3675 1545 3762 (summum

359 3789 467 3860 autem
491 3788 548 3856 est,
572 3801 645 3843 mea
668 3777 799 3863 quidem
823 3777 1005 3866 sententia),
1038 3781 1097 3844 tibi
1119 3790 1291 3867 acceptum
1313 3782 1391 3846 fero.
1439 3783 1545 3863 Quare

359 3907 433 3948 cum
455 3884 525 3948 aliis
549 3883 656 3947 multis
679 3883 862 3948 nominibus
884 3905 936 3946 me
959 3885 1018 3949 tibi
1040 3885 1162 3950 habeas
1177 3887 1362 3970 obligatum,
1387 3896 1456 3952 tum
1472 3909 1545 3951 vero

359 3986 412 4051 vel
434 3988 495 4052 hoc
519 3987 578 4051 tibi
602 4011 672 4052 sum
695 3990 874 4052 arctissime
905 3987 1084 4054 deuinctus.
1130 3991 1273 4069 Interim,
1306 4014 1380 4054 cum
1411 3994 1546 4076 gratiam

357 4093 477 4157 referre
501 4115 669 4179 nequeam,
694 4092 798 4157 habco
822 4096 998 4160 maximam
1021 4096 1176 4182 mittoque
1199 4097 1241 4160 ad
1264 4107 1296 4160 te
1319 4097 1427 4160 literas
1451 4099 1544 4161 animi

359 4200 392 4262 in
415 4207 447 4262 te
470 4199 532 4261 mei
556 4207 663 4275 testes,
697 4219 792 4284 quem
824 4221 888 4262 uon
918 4200 993 4264 hinc
1024 4209 1149 4265 tautum
1178 4203 1330 4279 metiaris,
1363 4201 1429 4279 sed,
1463 4202 1546 4287 quod

359 4301 418 4367 tibi
448 4303 621 4388 procliuius
651 4312 708 4381 est,
741 4325 784 4367 ex
813 4314 867 4367 tuo
898 4306 1041 4369 aestima.
1088 4305 1205 4370 Adieci
1236 4315 1405 4391 praeterea
1438 4309 1545 4371 nescio

402 4553 409 4586 ¹
428 4553 482 4617 qui.

401 4637 411 4671 ²
430 4639 470 4690 Of.
488 4640 584 4689 LXIX.
