3372 5768
900 528 1043 570 florauitz.
1469 519 1565 592 [684]

941 701 1000 766 HI.
1285 741 1287 746 ·
1470 724 1564 774 1519.ι

382 906 420 960 D.
437 906 603 961 Erasmus
619 903 874 960 Roterodamus
898 904 935 958 D.
952 903 1101 960 Martino
1125 903 1257 971 Lypsio
1281 904 1509 960 Bruxellensi
1532 905 1562 960 S.

484 1087 564 1152 Cum
580 1089 667 1152 Leeo
683 1109 796 1173 parum
812 1090 889 1151 scite
905 1110 973 1152 rem
988 1090 1141 1166 tractasti,
1157 1097 1278 1152 mutato
1293 1087 1452 1166 lemmate,
1475 1090 1562 1174 quod

380 1194 438 1258 tibi
461 1194 741 1280 praescripseram.
765 1191 992 1272 Quaerimonia
1014 1193 1055 1256 de
1069 1193 1249 1256 fratercuhs
1265 1192 1428 1257 officiebat
1444 1216 1561 1258 causae

381 1307 471 1362 tuae:
496 1319 594 1383 quare
610 1297 671 1374 fac,
691 1305 727 1360 ut
742 1318 812 1361 eam
828 1297 1041 1383 suspicionem
1056 1298 1159 1362 modis
1175 1297 1322 1361 omnibus
1337 1299 1428 1360 uites.
1454 1296 1561 1377 Quam

380 1425 456 1467 uero
476 1403 528 1466 ille
545 1403 592 1466 sui
609 1402 717 1465 similis
734 1411 790 1479 est,
807 1401 928 1487 ubique
944 1423 1065 1479 censor,
1083 1401 1203 1486 ubique
1215 1399 1430 1466 Aristarchus.
1455 1403 1561 1476 Laesa

380 1530 456 1572 uero
479 1508 628 1570 maiestas
650 1505 796 1583 hominis,
829 1507 951 1570 etiamsi
979 1507 1199 1570 annotationes
1221 1505 1305 1570 illius
1328 1528 1430 1590 nugas
1453 1506 1559 1592 appel-

380 1613 505 1675 lassem.
528 1610 680 1696 Denique
704 1619 799 1696 quam
821 1610 1184 1675 1111111111199011191111112
1207 1612 1233 1674 si
1248 1610 1381 1694 gloriam
1400 1613 1557 1688 affectem,

384 1718 463 1780 citra
484 1715 728 1780 fraterculorum
751 1737 882 1800 operam
905 1717 975 1801 ipsa
996 1737 1031 1778 re
1045 1737 1147 1800 ,posse
1172 1716 1386 1799 contingere.3
1430 1715 1558 1779 Deinde

382 1821 435 1906 qui
466 1828 539 1883 ante
570 1819 775 1904 quatriduum
806 1821 911 1905 coepit
940 1819 1156 1896 hebraissare‚
1188 1820 1315 1904 egregie
1346 1819 1559 1885 hallucinatur

380 1923 577 1987 Reuchlinus
599 1945 660 1986 nec
682 1925 787 1987 minus
809 1924 1055 2009 Η191011γῐ11119.4
1099 1922 1164 1987 Sed
1186 1933 1221 1986 tu
1242 1924 1287 1986 mi
1308 1923 1446 1988 Martine
1469 1935 1558 1988 utere

381 2028 518 2091 hominis
541 2028 696 2092 amicicia.
733 2028 825 2092 Mitto
847 2028 889 2093 ad
912 2037 943 2091 te
966 2050 1086 2092 nouum
1108 2037 1343 2091 testamentum.
1389 2027 1492 2093 Liber
1514 2037 1584 2092 est·

380 2133 483 2196 Marci
506 2132 676 2196 Lauriniz⁵
705 2155 724 2196 a
746 2155 797 2196 me
820 2155 884 2196 non
906 2142 1077 2217 repetetur,
1101 2133 1162 2196 nisi
1185 2132 1237 2196 ille
1259 2134 1431 2218 repetierit,
1461 2155 1558 2218 quare

382 2258 475 2299 serua
496 2259 535 2300 ac
557 2236 638 2299 uale.
796 2243 799 2252 '
1131 2235 1133 2240 ’

484 2358 540 2408 Ans
558 2359 618 2408 dem
637 2359 700 2410 (lod.
719 2360 784 2410 Hor.
802 2359 833 2410 A.
852 2377 876 2426 p.
895 2362 936 2412 40.

942 2588 1000 2651 IV.
1469 2607 1558 2659 11191

472 2789 510 2844 D.
534 2789 698 2844 Erasmus
722 2787 976 2842 Roterodamus
998 2787 1145 2842 Domino
1170 2789 1319 2856 Martino
1343 2788 1473 2856 Lypsio

769 2894 993 2948 Bruxellensi
1015 2894 1045 2948 S.
1070 2895 1105 2948 P.
1130 2894 1168 2948 D.

482 3076 587 3140 Leeus
610 3078 677 3160 agit
698 3087 813 3154 tecum,
838 3088 874 3141 ut
895 3078 990 3163 lupus
1013 3100 1087 3142 cum
1109 3100 1201 3160 agno.
1226 3079 1295 3161 Ego
1318 3079 1482 3142 mensibus
1505 3079 1559 3142 ali—

381 3192 458 3265 quot
479 3182 603 3245 Leeum
624 3203 784 3267 nusquam
806 3183 893 3246 uidi:
916 3191 1040 3247 tantum
1063 3182 1163 3259 abest,
1195 3192 1230 3246 ut
1252 3204 1326 3245 cum
1350 3204 1386 3245 eo
1410 3192 1559 3267 expostu-

380 3284 480 3348 larim.
503 3285 613 3371 Atque
636 3288 758 3350 utinam
781 3309 844 3351 non
868 3287 1012 3351 dedisses
1035 3288 1064 3350 ei
1086 3287 1226 3371 reliquas
1241 3287 1400 3371 epistolas.
1424 3286 1559 3350 Poteras

381 3391 465 3452 enim
496 3390 623 3476 quiduis
654 3401 833 3476 protexere.
878 3392 930 3455 'Pu
959 3392 1011 3456 fac
1045 3401 1164 3455 astute:
1196 3414 1238 3455 ex
1271 3413 1322 3455 me
1356 3391 1433 3454 nihil
1468 3393 1557 3455 sciet.

380 3494 486 3558 Minus
503 3495 587 3558 enim
603 3495 647 3559 illi
663 3495 736 3573 fido,
755 3518 850 3580 quam
866 3495 1103 3560 cacodaemoni.
1128 3495 1304 3580 Epistolam
1320 3495 1406 3559 illam
1421 3497 1559 3559 amicam
1662 3545 1663 3562 .

424 3722 431 3755 1
450 3723 505 3772 Das
527 3723 627 3773 Datum
650 3724 774 3774 schliesse
798 3724 841 3774 ich
865 3740 913 3775 aus
936 3725 996 3775 dom
1014 3723 1127 3787 Inhalte‚
1152 3740 1199 3775 vor
1216 3723 1302 3772 Allem
1324 3724 1371 3772 der
1389 3723 1560 3804 hlrwahnung
1662 3733 1663 3736 ’

449 3810 495 3860 des
513 3811 607 3862 Neuen
628 3813 818 3862 Testamentes.

425 3896 617 3964 ²Anspielung
647 3915 682 3948 an
711 3899 763 3950 den
792 3899 892 3950 Thraso
917 3901 945 3948 in
974 3899 1019 3948 des
1046 3899 1186 3949 Terentius
1210 3899 1364 3961 Eunuchus,
1394 3897 1447 3963 vgl.
1468 3897 1559 3947 Sidon.

451 3983 535 4049 Epist.
554 3986 574 4034 Ι.
593 3987 617 4034 9.

422 4069 432 4102 ³
451 4071 688 4138 Unvollsttndiges
706 4073 785 4124 Citat.

420 4157 430 4190 ⁴
449 4157 489 4207 cf.
507 4159 573 4208 tiber
591 4159 663 4210 diese
681 4159 764 4210 Stella
782 4161 888 4226 Geiger,
906 4162 931 4210 J.
950 4159 1082 4211 Reuchlin
1101 4160 1159 4208 121.

422 4245 703 4297 5Μ11191191111111111119
722 4263 769 4297 aus
786 4249 893 4314 Brtigge
910 4263 964 4298 war
981 4248 1028 4297 der
1046 4246 1191 4310 Coadjutor
1209 4247 1254 4295 des
1272 4247 1378 4295 Decans
1397 4245 1442 4294 des
1461 4245 1486 4294 S.
1505 4245 1559 4294 Do-

450 4333 674 4385 natian-Klosters
686 4351 718 4384 nu
731 4337 845 4401 Brtiggc,
863 4336 936 4385 nicht
948 4351 982 4384 nu
993 4334 1174 4384 verwechseln
1187 4335 1235 4383 mit
1246 4333 1307 4383 dem
1319 4332 1560 4397 ausgencichneten

449 4419 738 4486 Alterthumsforscher,
757 4423 804 4473 der
822 4423 878 4472 sich
896 4424 945 4472 mit
962 4421 1106 4472 rttmischer
1124 4420 1371 4486 Kaisergeschichte
1388 4419 1442 4468 und
1454 4419 1559 4468 Numis-

450 4507 534 4556 matik
552 4508 734 4574 beschaftigte.
754 4511 841 4560 Unser
858 4511 894 4561 M.
913 4511 1055 4570 Lauriana,
1074 4511 1118 4558 ein
1138 4507 1349 4572 Correspondent
1367 4506 1413 4556 des
1424 4506 1558 4568 Erasmus,

450 4609 504 4643 war
522 4597 553 4642 21
573 4596 654 4645 Jahre
672 4590 796 4646 Dechant
813 4597 868 4646 und
886 4597 956 4646 starb
975 4611 1018 4645 am
1036 4595 1230 4645 4..November
1249 4596 1323 4644 1540.

422 4681 432 4718 ὅ
449 4683 505 4735 Das
523 4682 622 4732 Datum
640 4683 736 4734 nehme
753 4683 797 4733 ich
815 4698 907 4748 wegen
926 4683 973 4732 der
990 4681 1162 4747 Erwtthnung
1180 4682 1226 4730 der
1242 4680 1373 4747 Apologia
1390 4696 1433 4730 an.
