3320 5742
379 550 420 614 86
900 565 1045 607 stratio.
1473 555 1568 630 [ris]

378 744 569 828 detorqueri.
627 742 849 822 Quamobrem
883 764 1080 828 quamquam
1113 743 1227 807 liceret
1260 742 1339 807 mihi
1374 745 1570 829 compendio

377 849 464 914 hunc
486 848 592 914 locum
621 849 847 924 transmittere,
879 850 984 912 visum
1014 857 1124 912 tamen
1154 857 1203 912 est
1233 850 1340 933 potius
1370 870 1440 913 rem
1470 849 1570 934 paulo

377 953 471 1018 altius
493 962 640 1039 repetere
662 962 695 1017 et
718 952 922 1017 consiliorum
937 974 1082 1016 meorum
1097 954 1254 1017 rationem
1277 951 1452 1038 explicare.
1485 951 1571 1017 Cum

377 1060 441 1124 iam
463 1059 532 1123 fere
554 1082 575 1122 a
597 1058 782 1122 carceribus
805 1058 847 1122 ad
871 1057 1003 1134 calcem,
1027 1067 1064 1121 ut
1086 1057 1213 1135 dicitur,
1248 1059 1472 1143 peruenisset¹
1506 1059 1570 1143 epi-

378 1163 467 1240 stola,
492 1163 618 1249 epilogo
640 1163 718 1227 mihi
749 1184 830 1248 opus
861 1171 939 1244 erat,
972 1184 1035 1246 quo
1067 1163 1236 1228 conciliato
1266 1163 1378 1227 fauore
1409 1163 1490 1240 eius,
1529 1163 1571 1226 ad

378 1289 474 1352 quem
497 1267 681 1333 scribebam
703 1267 857 1353 epistolae
881 1289 923 1332 ex
946 1287 1082 1352 syncero
1105 1269 1212 1331 animo
1236 1276 1333 1353 atque
1348 1289 1391 1330 ex
1406 1289 1443 1330 re
1465 1268 1570 1353 ipsius

378 1374 517 1458 scriptae
541 1370 639 1436 fidem
662 1371 814 1454 facerem,
837 1381 873 1436 ut
894 1371 955 1437 hoc
978 1372 1078 1436 veluti
1101 1372 1212 1436 aculeo
1233 1374 1266 1435 in
1289 1373 1396 1436 animo
1425 1373 1498 1435 eius
1522 1394 1568 1435 re-

377 1479 474 1543 licto²
497 1475 708 1562 colophonem
732 1475 886 1562 epistolae
901 1477 1083 1541 adderem.³
1119 1476 1174 1541 Ad
1196 1476 1281 1541 hano
1304 1499 1373 1541 rem
1394 1477 1568 1541 conficien-

380 1582 456 1648 dam
482 1583 663 1647 conducere
686 1581 840 1647 videbam
862 1583 894 1644 in
918 1583 1039 1667 primis,
1071 1591 1107 1646 ut
1132 1581 1243 1656 fidem}
1261 1581 1469 1646 detraherem
1500 1582 1567 1646 vul-

377 1697 474 1773 gatae
497 1709 536 1751 ac
558 1689 623 1751 iam
638 1709 742 1772 paene
758 1688 957 1751 inueteratae
981 1688 1131 1773 opinioni,
1155 1686 1235 1751 nihil
1257 1686 1412 1753 videlicet
1434 1709 1568 1752 monere

376 1790 550 1857 monachos
580 1791 674 1878 (quos
704 1792 850 1877 plerique
880 1790 1058 1856 cucullatos
1089 1793 1156 1855 siue
1187 1792 1397 1856 cucullastros
1429 1800 1569 1856 oontem-

376 1899 457 1984 ptim
479 1895 622 1982 uocant),
646 1898 707 1961 nisi
730 1896 881 1961 insidiose
904 1918 943 1960 ac
967 1896 1135 1973 commodi,
1159 1896 1281 1980 gloriae
1304 1905 1505 1982 quaestusve
1522 1898 1568 1960 sui

377 2025 485 2067 causa.
529 2002 649 2066 Fessus
684 2024 755 2066 sum
788 2004 898 2087 itaque
931 2000 1125 2066 monachum
1158 2023 1229 2065 esse
1263 2024 1325 2079 me,
1361 2001 1419 2066 sed
1454 2004 1502 2066 ita
1536 2011 1569 2068 ut

377 2106 578 2174 Christianus
601 2108 669 2170 eius
692 2109 738 2172 rei
761 2109 867 2191 gratia
895 2129 965 2170 esse
998 2129 1063 2171 non
1094 2107 1279 2189 desinerim,
1311 2108 1402 2171 cuius
1433 2107 1497 2172 hoo
1522 2119 1568 2170 est

377 2213 544 2298 proprium
559 2233 676 2275 munus
698 2234 763 2276 non
780 2232 946 2297 quaerere,
968 2232 1051 2297 quae
1067 2233 1125 2275 sua
1141 2220 1224 2293 sunt,
1242 2212 1300 2277 sed
1316 2234 1399 2296 quae
1415 2214 1566 2297 proximi,

376 2318 528 2402 quatinus
551 2315 745 2400 intelligeret
767 2338 831 2380 non
854 2317 976 2380 seruire
1009 2317 1148 2401 turpiter
1169 2316 1270 2380 veluti
1293 2318 1417 2380 victum
1449 2326 1483 2380 et
1506 2316 1565 2380 sub

376 2424 451 2506 iugo
474 2423 607 2486 missum
630 2419 793 2485 Christum
823 2422 975 2484 institutis
998 2420 1172 2498 hominum,
1205 2420 1263 2485 sed
1286 2420 1328 2484 ad
1359 2421 1428 2484 eius
1458 2420 1565 2506 legem

377 2525 478 2590 veluti
501 2527 655 2590 amussim
678 2519 759 2590 haec
782 2528 889 2590 omnia
912 2526 1069 2610 adaptari,
1100 2547 1234 2611 esseque
1265 2524 1355 2590 velut
1384 2528 1567 2590 auctarium

378 2629 542 2716 quoddam
558 2639 655 2716 atque
671 2630 892 2695 adiumentum
915 2630 1144 2696 imbecillitatis
1160 2629 1330 2707 humanae,
1355 2651 1418 2715 quo
1440 2630 1567 2695 facilius

378 2735 421 2800 ad
454 2733 648 2800 destinatum
688 2757 820 2820 scopum
853 2745 886 2799 et
918 2735 1059 2820 palmam
1099 2735 1201 2800 omnis
1239 2735 1360 2819 gloriae
1400 2724 1567 2799 dominum

376 2840 491 2905 ,lesum
524 2841 760 2925 perueniamus.
816 2840 890 2905 Non
923 2841 1021 2924 igitur
1056 2841 1293 2925 contemptione
1331 2848 1429 2924 atque
1464 2839 1567 2925 despi-

378 2946 496 3010 cientia
518 2945 624 3009 cultus
645 2946 823 3021 monastici,
848 2966 911 3030 quo
934 2943 1074 3027 religiosi
1104 2945 1165 3007 viri
1188 2953 1222 3008 et
1243 2943 1343 3007 officii
1366 2945 1416 3006 sui
1445 2943 1566 3029 aliqua-

376 3059 471 3114 tenus
495 3049 744 3114 commonefiunt
767 3057 799 3112 et
828 3049 871 3113 ad
893 3051 1048 3113 virtutem
1071 3050 1255 3130 incitantur,
1279 3049 1327 3111 sic
1349 3049 1475 3135 scripsi,
1506 3048 1564 3112 sed

378 3177 452 3220 cum
475 3155 544 3218 eius
566 3156 613 3222 rei
635 3156 750 3238 gratia,
775 3177 873 3239 quam
896 3163 971 3218 ante
993 3153 1073 3235 dixi,
1098 3162 1166 3216 tum
1188 3163 1358 3218 uteorum
1386 3153 1564 3217 mendaciis

377 3259 508 3327 obuiam
529 3260 620 3340 irem,
643 3261 699 3344 qui
722 3259 922 3324 sermonibus
946 3260 1011 3322 suis
1027 3259 1196 3323 virulentis
1212 3259 1368 3340 efficiunt,
1390 3267 1428 3321 ut
1442 3260 1565 3344 passim

376 3386 486 3429 omnes
509 3365 576 3428 sine
600 3363 728 3428 delectu
751 3364 900 3428 monachi
923 3363 1007 3428 male
1024 3363 1167 3446 audiant,
1191 3364 1369 3429 dicentium
1391 3365 1492 3426 nostri
1515 3384 1561 3426 or-

377 3470 461 3534 dinis
491 3471 637 3534 homines
668 3468 815 3534 columen
853 3469 1015 3554 religionis
1046 3478 1079 3531 et
1107 3469 1236 3554 pietatis
1267 3466 1364 3553 alpha
1395 3476 1428 3530 et
1460 3492 1497 3549 o,
1532 3475 1566 3529 ut

377 3574 504 3656 dicitur,
528 3576 562 3638 in
583 3575 719 3638 vestitus
742 3594 860 3658 genere
884 3573 1052 3656 collocare,
1076 3575 1169 3658 quasi
1196 3572 1341 3667 cucullus
1372 3571 1565 3636 monachum

377 3680 484 3744 faciat.
530 3680 683 3764 Explicit.

479 3802 535 3852 Ans
554 3803 613 3852 dam
632 3802 696 3854 God.
715 3803 780 3852 Hor.
799 3802 830 3851 A.
849 3818 874 3867 p.
893 3803 1021 3850 tre-114.

378 3964 584 3972 -ι--ι

420 4067 427 4098 ¹
447 4064 501 4116 Cic.
521 4065 554 4114 de
571 4067 648 4115 amic.
667 4055 709 4128 hl,
729 4065 791 4126 1013
808 4063 911 4113 Erasm.
929 4062 1055 4112 Proverb.
1074 4065 1125 4112 246
1137 4039 1188 4113 Es

421 4151 431 4185 ²
449 4152 503 4202 Cic.
522 4153 597 4202 Brut.
617 4153 641 4214 9,
660 4152 700 4202 38.

417 4236 572 4305 halapam
600 4233 693 4306 ἐπάγειν
721 4237 784 4289 oder
811 4233 936 4286 ἐπιτιθέναι
975 4235 1084 4302 Gregor.
1113 4235 1171 4286 Oor.
1208 4237 1243 4288 II.
1271 4237 1304 4285 86
1341 4238 1390 4284 mit
1418 4237 1464 4286 der
1491 4236 1559 4285 Note

447 4325 664 4391 Schneidewin's3
682 4326 784 4376 Erasm.
802 4326 926 4375 Proverb.
946 4326 997 4374 498
1009 4325 1041 4374 E.
