3320 5742
80 506 172 578 [765]
390 517 491 557 Erasmus
505 529 546 556 von
560 517 685 556 Rotterdam
699 517 743 556 und
757 517 865 557 Martinus
878 516 974 566 Lipsius.
1215 499 1275 564 103

79 701 113 754 ut
135 695 204 756 iam
229 693 295 756 hoc
317 692 444 769 faciam,
469 693 606 755 nuncius
628 694 733 756 itineri
756 694 922 754 accinctus
938 714 1002 755 non
1018 694 1147 776 patitur.
1180 691 1275 774 Quod

80 807 190 860 tamen
215 819 256 862 eo
283 797 453 861 dumtaxat
475 806 571 882 pacto
594 819 645 859 me
676 797 837 860 facturum
859 798 990 882 recipio,
1025 798 1051 858 si
1076 805 1107 858 et
1137 805 1172 858 tu
1201 819 1276 859 non-

79 924 251 987 nunquam
278 903 419 966 scribere
442 925 507 965 non
529 902 728 986 grauaberis.
775 901 858 965 Vide
883 910 1039 986 quantum
1062 899 1140 964 mihi
1164 901 1204 964 de
1220 910 1276 964 tua

81 1008 290 1070 humanitate
313 1029 330 1070 e
353 1007 455 1070 literis
477 1008 541 1069 tuis
565 1015 723 1090 concepta
745 1007 906 1091 pollicear,
931 1014 966 1068 ut
988 1009 1115 1090 ignotus
1131 1007 1276 1090 ignotum

79 1121 144 1176 tam
179 1112 336 1196 neglecto
370 1111 514 1197 epistolio
548 1111 590 1174 ad
623 1110 708 1174 hanc
741 1113 971 1192 ἀλληλογραφίαν
1005 1133 1182 1196 prouocare
1212 1132 1277 1173 non

82 1239 207 1282 verear.
258 1217 313 1280 Ex
336 1216 465 1281 Throno
489 1238 615 1280 summa
638 1238 712 1280 cum
735 1215 951 1280 festinatione.

183 1340 243 1390 Aus
263 1340 325 1390 dem
344 1339 408 1391 eod.
429 1341 493 1392 Hor.
511 1339 542 1390 A.
561 1357 586 1405 p.
608 1339 683 1389 1⁶28f.

602 1619 759 1684 LXXIV.

99 1929 101 1934 ι
196 1826 380 1902 Martinus
403 1846 560 1913 Lypsius
583 1847 710 1902 Iacobo
734 1846 981 1902 Gortebacohio
1006 1847 1036 1902 S.
1061 1848 1099 1902 D.
1124 1847 1160 1901 P.

185 2057 389 2121 Vicissitudo
414 2057 585 2134 scribendi,
617 2057 780 2143 adquam
802 2079 853 2120 me
885 2058 1065 2134 6611666166,
1097 2059 1280 2141 gratissima

84 2149 158 2226 mihi
183 2165 225 2226 sit
250 2165 384 2248 oportet.
423 2163 510 2226 Nihil
526 2164 611 2225 enim
627 2162 704 2226 mihi
721 2163 866 2240 decedet,
892 2162 949 2226 sed
965 2185 1070 2227 meam
1089 2165 1278 2226 tenuitatem

84 2277 114 2328 ot
137 2269 284 2353 inopiam
307 2277 362 2332 tua
385 2267 495 2331 fulciet
511 2267 710 2331 abundantia
732 2278 765 2331 et
788 2269 889 2352 copia.
928 2268 1037 2343 Porro,
1063 2268 1149 2352 quod
1172 2289 1280 2331 meum

86 2371 341 2449 Nazianzenum,
367 2372 516 2436 donantis
539 2373 668 2436 nomine
701 2371 778 2436 mihi
802 2372 996 2458 percharum
1017 2358 1201 2448 detinuisti,
1234 2373 1280 2435 tui

87 2499 183 2540 causa
205 2477 312 2540 feram
328 2477 547 2541 libentissime.
587 2475 752 2562 Siquidem
774 2476 852 2541 nihil
875 2477 1040 2554 addubito,
1065 2478 1142 2561 quin
1164 2477 1280 2540 mirum

86 2583 117 2644 in
139 2584 275 2648 modum
306 2593 420 2668 pectus
451 2592 541 2648 tuum
572 2585 663 2646 suaui
694 2585 873 2647 carminum
903 2605 1033 2647 suorum
1063 2583 1280 2648 modulatione

87 2686 307 2751 oblectaturus
332 2689 380 2750 sit.
427 2686 606 2765 Caeterum,
637 2687 715 2772 quid
738 2689 788 2750 vir
817 2686 868 2750 ille
892 2687 1005 2751 doctus
1030 2689 1122 2752 iuxta
1144 2710 1182 2750 ac
1205 2688 1278 2771 pius

85 2791 224 2856 lacobus
247 2791 399 2870 Thomas,
429 2793 604 2877 supprioris
626 2791 747 2856 honore
780 2793 923 2876 insignis,
957 2794 1018 2857 sibi
1048 2792 1089 2856 de
1119 2814 1191 2857 meo
1217 2791 1281 2856 Na-

86 2898 238 2961 zianzeno
263 2899 352 2983 prius
375 2908 589 2982 persuaserat,
624 2899 769 2962 diuinare
792 2920 927 2983 nequeo.
972 2899 1032 2962 Est
1054 2896 1131 2961 mihi
1153 2899 1277 2962 amicus

86 3001 226 3084 quidam,
264 3002 351 3086 apud
386 3023 482 3086 quem
515 3025 579 3066 non
613 3025 718 3087 pauca
747 3005 856 3086 magni
886 3004 979 3066 huius
1010 3002 1150 3086 theologi
1181 3023 1280 3086 opera

85 3109 213 3170 suntin
237 3107 373 3172 latinum
395 3129 499 3172 versa.
535 3107 569 3172 Si
592 3108 670 3193 quid
693 3108 807 3172 horum
829 3108 874 3172 illi
897 3107 994 3171 fuerit
1016 3107 1114 3185 cordi,
1139 3108 1281 3170 insinuet
1381 3189 1382 3194 η

85 3211 194 3274 nobis:
231 3235 298 3276 non
333 3212 429 3276 deero
463 3212 546 3276 illius
579 3215 679 3291 votis,
715 3214 776 3276 nisi
809 3212 886 3275 mihi
921 3212 1058 3276 defuerit
1090 3211 1280 3296 perficiendi

84 3315 232 3381 facultas.
281 3317 373 3380 Dicis
396 3326 427 3380 16
450 3317 529 3381 61166
562 3318 722 3402 copiosius
754 3318 957 3402 scripturum.
1002 3316 1096 3380 Idem
1125 3316 1279 3380 ardentis-

86 3422 163 3484 sime
188 3431 266 3508 opto
290 3445 350 3486 nec
373 3423 478 3506 patiar
499 3431 531 3484 te
554 3423 587 3486 in
610 3431 711 3486 totum
727 3421 870 3486 fraudari
886 3431 940 3486 tuo
956 3423 1107 3506 praemio.
1147 3421 1281 3486 Utinam

85 3547 161 3590 vero
184 3536 302 3591 mutua
324 3527 405 3590 haec
429 3528 567 3613 scliptio,
592 3536 627 3590 ut
651 3549 715 3590 666
737 3527 832 3590 fictae
855 3528 1021 3590 amiciciae
1046 3535 1094 3589 661
1109 3547 1280 3610 argumen—

86 3639 161 3707 tum,
195 3633 243 3695 ita
266 3641 299 3694 61
321 3653 419 3696 verae
442 3634 570 3717 pietatis
601 3633 658 3696 fiat
687 3634 929 3696 incrementum.
976 3629 1157 3708 Caeterum,
1191 3632 1280 3715 quod

83 3735 146 3798 iam
169 3759 280 3821 pauca
303 3736 450 3814 scribam,
475 3746 584 3800 noster
605 3737 684 3819 facit
706 3737 869 3814 Erasmus,
894 3738 948 3821 qui
972 3759 1031 3821 per
1052 3736 1160 3800 literas
1183 3758 1203 3798 a
1226 3756 1278 3798 me

83 3840 162 3920 petit
187 3841 250 3906 sibi
275 3841 436 3926 quaedam
457 3842 643 3905 transmitti:
668 3863 706 3904 ea
729 3863 814 3904 6666
837 3840 967 3904 adorno.
997 3839 1159 3904 Salutabis
1183 3861 1279 3902 vene·

85 3943 225 4008 randum
257 3947 356 4010 vestri
386 3946 511 4030 collegii
539 3947 678 4030 priorem
707 3946 848 4023 Petrum,
880 3945 1035 4010 Iacobum
1067 3946 1278 4029 suppriorem‚

83 4047 294 4114 Ludouieum
316 4051 499 4115 Rolandum
521 4061 553 4114 et
575 4051 804 4114 Brochtauum.

188 4172 247 4223 Aus
265 4174 324 4223 dem
344 4174 408 4223 Cod.
427 4175 492 4222 Hor.
511 4174 542 4224 Α.
561 4191 585 4240 p.
607 4174 682 4255 1291.
