3320 5742
95 546 197 620 [731]
362 567 364 573 ·
412 559 512 598 Erasmus
527 569 568 597 ron
583 557 706 597 Rotterdum
720 556 764 597 und
779 557 887 598 Martinus
900 557 995 607 Lipsius.
1252 539 1293 602 69

97 733 239 798 forsitan
261 732 463 797 incommodo
494 742 549 796 tuo
577 732 663 796 hunc
693 732 810 796 librum
839 732 1040 796 detinuerim.
1086 731 1150 797 Sed
1177 743 1213 796 tu
1235 756 1293 819 pro

96 849 159 901 tuo
177 837 315 902 candore
331 859 450 924 quaeso
466 836 542 901 boni
559 835 688 900 consule
705 847 847 901 nostram
862 836 1102 922 impudentiam.
1134 837 1185 901 En
1201 838 1293 902 adest

26 933 30 938 ⁵
96 953 180 1007 tuus
201 942 412 1026 Augustinus,
457 940 491 1004 Si
518 951 550 1004 te
573 963 637 1006 non
659 963 796 1019 nossem,
827 940 934 1006 multis
961 942 1019 1006 tibi
1042 943 1151 1006 verbis
1173 944 1293 1027 gratim

97 1070 243 1131 agerem,
264 1057 301 1110 ut
314 1047 459 1132 plerique
480 1047 590 1123 solent,
612 1049 667 1132 qui
683 1048 858 1112 amicorum
874 1046 1004 1111 candori
1021 1045 1180 1110 diffidunt.
1212 1048 1291 1131 Ego,

97 1162 139 1216 ut
163 1154 218 1238 qui
241 1154 383 1216 animum
405 1163 495 1216 tuum
518 1152 721 1237 exploratum
736 1151 883 1229 habeam,
908 1152 961 1216 hie
976 1151 1132 1226 verbosus
1148 1174 1212 1216 non
1228 1175 1291 1230 ero,

99 1257 163 1320 sed
190 1257 287 1321 finem
313 1256 466 1342 epistolae
493 1257 618 1334 faciam,
651 1258 677 1319 si
708 1267 816 1320 tamen
846 1258 935 1342 prius
966 1266 998 1320 te
1027 1257 1136 1320 valere
1160 1258 1291 1322 iussero.

100 1361 288 1447 Suoquetus
310 1371 419 1425 noster
440 1360 614 1425 bellissime
637 1360 733 1424 valet.
777 1361 831 1425 Ex
853 1360 946 1425 Lilio.

207 1487 264 1536 Aus
281 1486 341 1537 dem
360 1485 424 1536 cod.
442 1486 509 1536 Hor.
527 1486 558 1537 Α,
577 1503 602 1552 p.
621 1489 663 1536 91.

96 1788 229 1836 Ltwen.
636 1767 760 1832 XLIX.
1017 1789 1059 1836 20.
1077 1787 1197 1837 Februer
1218 1788 1292 1837 1524.

99 1965 307 2024 Clarissimo
345 1968 456 2023 totius
493 1968 731 2034 Portugalliae
768 1968 1032 2035 archiepiscopo
1066 1969 1103 2023 D.
1138 1968 1290 2024 Martiuc

139 2072 290 2129 Ioannes
312 2068 517 2136 Arnoldus‚¹
541 2072 766 2129 Mutinensis
785 2071 946 2128 ‘sodalitii
969 2073 1068 2128 Prior
1092 2074 1123 2130 S.
1140 2073 1179 2128 D.
1196 2067 1254 2128 Ν

210 2256 292 2322 Cum
324 2280 415 2322 meus
448 2266 603 2341 cognatus
635 2256 711 2321 mihi
742 2258 788 2321 tui
819 2256 1025 2320 simulacrum
1054 2256 1182 2341 linguae
1214 2280 1292 2322 suae

98 2361 251 2448 penicillo
285 2362 438 2447 graphice
468 2361 643 2426 admodum
676 2361 884 2447 depinxisset,
920 2361 1131 2424 illustrissime
1162 2361 1290 2426 domine

97 2468 252 2552 idemque
274 2466 404 2552 praesul
426 2467 634 2542 ornatissime,
659 2488 723 2529 non
746 2467 835 2550 potui
857 2465 934 2529 mihi
956 2467 1126 2550 imperare,
1151 2469 1228 2552 quin
1248 2467 1289 2531 ad

98 2580 130 2633 te
156 2569 339 2646 scriberem,
373 2579 442 2633 tum
465 2571 540 2654 quia
566 2569 600 2633 id
626 2569 811 2654 postulabat
838 2580 1003 2654 cognatus,
1036 2580 1104 2634 tum
1131 2572 1207 2656 quia
1229 2573 1290 2634 vir-

97 2685 205 2738 tutum
228 2684 355 2738 tuarum
377 2675 508 2738 minime
539 2674 720 2758 vulgarium
750 2697 789 2738 ae
816 2674 1002 2738 eruditionis
1031 2698 1180 2760 perrarae
1204 2676 1291 2740 fama

97 2779 165 2843 huc
195 2779 290 2865 plane
317 2777 529 2864 vperpellebat.
575 2778 645 2841 Nec
674 2778 800 2842 mirum.
846 2779 934 2842 Nihil
965 2781 1050 2842 enim
1077 2782 1121 2844 ita
1143 2790 1291 2865 penetrat

97 2894 132 2947 et
147 2885 232 2969 rapit
246 2883 428 2948 mortalium
443 2884 566 2947 animos
588 2893 624 2946 ut
644 2884 770 2946 virtutis
791 2885 930 2968 energia.
967 2883 1053 2948 Nam
1073 2894 1109 2948 ut
1127 2907 1147 2948 a
1165 2885 1290 2948 minori-

99 2987 164 3052 bus
188 2987 295 3052 ordiar
317 2995 349 3050 et
372 3009 455 3073 quae
472 3009 537 3050 non
552 2996 618 3050 tam
633 2988 767 3050 uirtutes
784 2996 859 3051 sunt
874 3009 971 3073 quam
986 2989 1140 3053 uirtutum
1155 2989 1288 3053 admini-

98 3093 182 3171 cula,
214 3093 361 3156 fortunae
385 3091 553 3156 commoda
579 3092 663 3157 ultro
686 3093 898 3177 contigerunt,
932 3095 1135 3177 contigerunt
1156 3095 1286 3172 affatim,

96 3199 302 3282 contigerunt
324 3207 457 3274 mature,
489 3219 552 3282 quo
576 3198 725 3261 nimirum
749 3207 781 3261 et
807 3199 877 3282 ipse
908 3199 971 3261 tuis
996 3198 1090 3263 bonis
1121 3199 1289 3263 commode

97 3303 164 3366 frui
187 3303 290 3388 possis
321 3312 353 3365 et
382 3302 423 3365 de
453 3303 522 3366 aliis
550 3324 678 3387 quoque
707 3303 790 3366 bene
813 3305 937 3367 mereri.
983 3303 1056 3367 Non
1079 3304 1165 3367 enim
1188 3302 1290 3390 (quod

95 3409 262 3494 plerisque
286 3407 433 3494 contigit)
464 3408 616 3493 parandis
647 3408 857 3492 dignitatibus
887 3418 943 3472 aut
973 3409 1091 3488 diuitiis
1121 3419 1177 3472 aut
1203 3409 1290 3474 lama

100 3514 216 3577 aetatis
238 3513 357 3576 bonam
379 3522 504 3598 partem
531 3514 717 3590 contriuisti,
749 3523 785 3577 ut
807 3515 871 3577 iam
898 3515 956 3578 tibi
978 3515 1140 3598 integrum
1161 3537 1227 3578 non
1250 3516 1290 3578 sit

97 3619 200 3704 partis
222 3616 315 3681 bonis
339 3617 394 3681 diu
416 3617 488 3680 frui.
527 3617 650 3681 Verum
672 3617 763 3696 haee,
788 3640 870 3703 quae
891 3641 911 3682 a
929 3617 1127 3704 philosophis
1142 3619 1289 3683 fortunae

95 3724 185 3788 bona
214 3730 401 3807 nuncupata
430 3732 512 3799 sunt,
543 3725 673 3806 proprie
703 3721 753 3808 (ut
784 3722 939 3810 diximus)
970 3723 1012 3787 ad
1043 3725 1195 3788 virtutem
1224 3747 1289 3789 non

96 3828 268 3912 pertinent,
294 3827 376 3889 sicut
398 3848 458 3889 nec
481 3835 613 3889 naturae
637 3826 737 3904 dotes,
762 3849 800 3890 60
821 3827 907 3912 quod
928 3837 960 3890 et
975 3828 1036 3892 hae
1053 3829 1133 3892 citra
1147 3838 1288 3892 nostram

96 3931 288 3995 industriam
317 3930 410 3994 nobis
441 3953 502 3995 eeu
530 3930 761 3996 dormientibus
791 3933 974 3998 tribuantur
1004 3943 1101 4019 atque
1128 3933 1201 3998 ideo
1224 3957 1289 3999 non

97 4047 164 4101 tam
187 4036 263 4100 boni
287 4058 383 4120 quam
406 4034 558 4099 fortunati
582 4037 620 4098 iis
650 4035 818 4100 efficimur.
865 4035 910 4100 At
940 4061 987 4116 ea,
1020 4061 1102 4124 quae
1132 4050 1290 4104 vocantur

98 4141 197 4204 animi
219 4139 314 4216 bona,
339 4150 373 4204 ut
397 4142 532 4204 caeteris
554 4142 657 4225 magis
679 4152 843 4204 merentur
865 4143 1019 4228 appellari
1035 4143 1122 4208 bona
1136 4145 1288 4208 maxime-

97 4268 161 4330 que
183 4245 226 4308 ad
249 4266 346 4308 verae
369 4243 531 4309 felicitatis
555 4268 712 4310 summam
729 4246 922 4324 conducunt,
947 4249 991 4312 ita
1007 4269 1130 4311 summe
1146 4258 1288 4313 nostram

140 4475 148 4507 ¹
168 4473 260 4524 Ueber
278 4472 416 4523 lohannes
430 4472 549 4536 Amoldi,
567 4473 620 4523 den
638 4478 823 4538 sogenannten
841 4475 917 4523 Prior
934 4473 1104 4540 platteborse,
1124 4475 1213 4526 finden
1232 4476 1289 4525 sich

168 4559 371 4626 biographische
384 4559 514 4626 Angaben
532 4562 560 4609 in
580 4559 720 4622 Sanderus,
740 4559 939 4626 chorographiis
956 4562 991 4610 II.
1010 4563 1066 4624 124,
1086 4568 1183 4612 sammt
1201 4564 1288 4612 einem

165 4646 290 4713 Epitaph.
327 4646 364 4695 Er
382 4647 453 4697 starb
472 4663 515 4696 am
534 4647 575 4696 27.
595 4646 751 4712 September
771 4647 846 4698 1537.

137 4734 147 4768 ²
165 4735 216 4783 Mit
234 4733 281 4782 der
299 4732 482 4799 Bemerkung:
501 4734 586 4783 Autor
604 4733 734 4800 epistolae
752 4736 875 4800 Lypsius.
