3372 5768
381 548 424 611 44
900 565 1046 606 asnaa
1146 513 1149 520 ⁵
1418 622 1421 638 λ
1472 555 1564 628 [soe]

383 739 518 824 diusque
540 748 724 804 monetata.
770 739 896 802 Senties
919 749 1055 823 gratum,
1085 740 1145 805 hoc
1168 749 1218 803 est
1239 740 1322 804 bene
1345 740 1515 815 volentem,
1540 743 1565 802 si

382 843 461 907 nihil
483 844 579 908 aliud.

484 966 540 1016 Aue
557 967 617 1017 dem
636 965 699 1017 Cod.
721 967 784 1019 Hor.
803 967 834 1017 Δ.
853 985 879 1033 p.
897 970 938 1017 63.

911 1246 1039 1310 ΧΧΠΙ,

618 1447 758 1514 Lipsius
781 1460 842 1502 suo
866 1447 1019 1502 Gerardc
1043 1446 1146 1502 Riuio
1171 1445 1279 1503 Gand.
1303 1447 1334 1502 S.

486 1631 560 1696 Scio
583 1654 648 1696 non
671 1654 904 1709 successurum,
928 1632 1014 1718 qnod
1037 1631 1126 1696 obire
1149 1652 1200 1695 me
1215 1630 1317 1694 iubes.
1347 1629 1473 1694 Sinoni
1489 1630 1568 1695 Dor-

382 1738 481 1823 pium‚
512 1737 657 1822 profecto
684 1737 873 1823 prudentior
895 1746 952 1815 est,
984 1758 1080 1821 quam
1103 1737 1157 1822 qui
1181 1758 1214 1799 se
1237 1737 1371 1819 negocio
1394 1735 1567 1812 Luterano,

383 1842 517 1904 nimium
540 1840 658 1919 odioso,
690 1841 840 1925 ambiguo
864 1851 897 1904 et
919 1839 1051 1904 molesto
1074 1842 1209 1903 miscere
1237 1839 1324 1904 velit.
1370 1839 1482 1904 Habet
1513 1862 1568 1903 sua

382 1944 488 2010 studia
510 1947 702 2009 amoenitate
725 1944 927 2030 plenissima:
950 1945 992 2010 ab
1015 1943 1065 2008 his
1088 1967 1122 2007 se
1139 1943 1248 2008 diuelli
1263 1967 1328 2008 non
1342 1946 1473 2029 patitur.
1499 1943 1569 2007 Tua

382 2060 491 2113 tamen
513 2051 616 2134 gratia
638 2050 717 2115 nihil
739 2072 862 2115 recuso.
898 2050 1045 2115 Scribam
1067 2049 1209 2113 literulas
1232 2071 1427 2134 quamquam
1450 2048 1568 2112 frustra
1651 2083 1652 2094 .

383 2176 431 2232 eo,
456 2154 542 2241 quod
565 2154 677 2219 Luteri
699 2160 828 2240 partes¹
851 2164 978 2219 tueatur
1000 2153 1216 2218 Melanchton.
1240 2152 1341 2217 Recte
1364 2152 1483 2217 valeto,

486 2279 543 2328 Aua
561 2279 621 2329 dem
640 2278 704 2329 (iod.
724 2279 788 2331 Hor.
806 2280 837 2328 A.
856 2279 874 2328 f.
893 2281 934 2328 64.

912 2559 1040 2623 XXIV.

382 2759 554 2817 Martinus
571 2759 722 2826 Dorpius
737 2759 953 2817 Naidicenus
975 2759 1192 2828 theologicae
1209 2759 1378 2817 scientiae
1393 2760 1568 2828 professor

692 2865 843 2921 Martino
866 2865 998 2933 Lypsio
1021 2866 1258 2921 Bruxellensi.

485 3048 590 3128 Salue,
614 3058 707 3135 pater
728 3049 885 3134 religiose.
909 3050 961 3113 De
981 3059 1035 3114 tuo
1052 3051 1182 3114 salutari
1198 3050 1307 3115 labore
1323 3048 1465 3114 Alardus
1482 3049 1568 3135 apud
1654 3059 1655 3076 ¹

381 3176 433 3218 me
456 3176 497 3217 ne
520 3153 620 3219 uerbo
643 3154 774 3240 quidem
796 3157 940 3219 meminit
962 3177 1112 3241 unquam,
1144 3157 1177 3219 id
1201 3156 1287 3241 quod
1317 3156 1427 3219 miror:
1460 3154 1568 3218 hortor

383 3268 492 3323 tamen
522 3270 554 3322 te
584 3269 620 3323 ut
648 3282 766 3345 pergas
797 3269 959 3324 strenuam
993 3283 1124 3346 operam
1157 3283 1286 3338 nauare,
1322 3280 1384 3345 quo
1420 3259 1568 3324 consulas

383 3363 542 3428 studiosis.
588 3364 749 3449 Equidem
780 3364 988 3430 decreueram
1019 3365 1199 3450 Euangelia
1228 3376 1324 3450 atque
1355 3364 1436 3429 adeo
1467 3373 1568 3428 totum

381 3490 501 3532 nouum
531 3470 779 3533 instrumentum
807 3470 1030 3555 praelegere,²
1059 3469 1117 3533 sed
1146 3492 1206 3556 per
1235 3470 1463 3555 occupationes
1494 3491 1569 3534 non-

382 3572 459 3636 dum
474 3572 558 3652 licet,
583 3573 700 3658 quibus
716 3574 857 3660 undique
872 3597 1009 3660 premor.
1039 3575 1091 3638 De
1107 3574 1332 3639 Melanchtone
1349 3573 1568 3658 similibusque

381 3677 478 3742 rebus
501 3677 657 3742 hactenus
680 3700 785 3763 neque
808 3681 905 3743 annui
928 3681 1110 3765 quicquam,
1143 3701 1248 3764 neque
1279 3680 1379 3743 renui.
1419 3677 1569 3742 Viderint

380 3782 412 3858 ii,
437 3781 553 3866 quibus
576 3783 637 3846 hoc
660 3784 787 3867 negocii
809 3792 857 3847 est
880 3784 1123 3849 demandatum:
1156 3805 1216 3868 ego
1248 3805 1288 3847 ne
1316 3783 1361 3846 illi
1383 3783 1568 3868 tragoediae

381 3908 445 3949 non
468 3886 640 3951 admisceo.
664 3887 754 3951 Bene
778 3889 859 3966 vale,
884 3891 934 3952 vir
957 3888 1113 3973 religiose.
1137 3889 1190 3952 Ex
1213 3888 1348 3953 aedibus
1372 3889 1462 3952 meis.

484 4009 539 4059 Aus
557 4010 617 4061 dem
636 4011 701 4062 Cod.
722 4012 786 4062 Hor.
804 4013 836 4063 A.
855 4031 879 4079 p.
899 4015 932 4062 64
942 4014 960 4063 f.

424 4289 432 4322 ¹
450 4290 498 4340 Hs.
516 4294 613 4356 parter.

425 4395 436 4428 ²
454 4396 544 4446 Ueber
561 4396 677 4462 Dorpius
700 4395 739 4446 als
757 4397 845 4447 Homo
863 4396 998 4464 trilinguis
1016 4397 1071 4446 und
1089 4397 1216 4447 Hebraist
1240 4395 1339 4462 spricht
1356 4395 1483 4446 Erasmus
1503 4399 1568 4446 1518

451 4485 480 4532 in
498 4481 666 4534 ehrenvoller
678 4483 768 4534 Weise
788 4484 846 4549 (III.
865 4486 915 4534 307
934 4484 989 4551 C.):
1008 4486 1125 4550 Dorpius
1139 4484 1288 4534 Hebraicae
1306 4483 1429 4533 factionis
1447 4484 1502 4534 dux
1520 4489 1568 4534 est.

450 4570 560 4620 Videbis
578 4571 654 4621 breui
672 4586 772 4621 nouum
792 4571 928 4622 saeculum
946 4572 998 4622 huc
1017 4572 1122 4622 exoriri.
1161 4570 1241 4622 Seiae
1259 4569 1439 4636 theologiache
1457 4571 1567 4636 Thatig-

449 4657 507 4708 keit
529 4659 563 4707 ist
586 4658 750 4724 besprochen
773 4660 817 4710 bei
839 4657 913 4710 Neve
936 4658 953 4708 l.
972 4676 994 4710 c.
1015 4661 1064 4710 126
1075 4658 1101 4709 ff.
1125 4659 1180 4709 und
1207 4661 1235 4708 in
1262 4659 1358 4709 dassen
1375 4658 1568 4724 Monographie

449 4745 516 4795 iiber
533 4745 566 4795 D.
