3320 5742
401 567 464 630 110
921 585 1067 628 notata.
1503 577 1593 649 [772]

398 813 504 863 Bassi.
925 796 1068 860 LXXX.
1315 819 1354 866 11.
1374 817 1500 866 Februar
1522 819 1593 866 1525.

379 980 382 985 ’
476 995 681 1052 Desiderius
704 997 871 1053 Erasmus
895 997 1152 1054 Boterodamus
1176 1013 1239 1054 suo
1263 999 1397 1066 Lypsio
1422 1001 1452 1054 S.
1479 1001 1520 1054 D.

501 1180 571 1243 Nec
606 1181 752 1244 doctrina
784 1181 977 1246 1111111111111
1014 1205 1075 1245 nec
1102 1181 1240 1246 Genesis
1275 1185 1433 1266 castigata
1466 1183 1514 1246 ad
1546 1205 1594 1246 mc

399 1287 548 1369 peruenit
570 1307 631 1348 nec
655 1308 701 1362 ea,
726 1308 808 1370 quae
833 1285 993 1350 tradidisti
1009 1285 1175 1350 Goelenio
1207 1287 1347 1351 Tantum
1363 1288 1453 1372 quod
1468 1288 1590 1352 Liuino

400 1391 560 1454 tradidisti
584 1391 706 1474 accepi.
731 1391 873 1454 Mundus
897 1413 982 1454 nunc
1005 1391 1119 1476 plenus
1137 1401 1186 1455 est
1207 1393 1376 1456 erronibus
1392 1403 1425 1456 et
1440 1394 1594 1478 imposto-

398 1495 496 1571 ribus,
526 1499 611 1580 'quos
642 1494 735 1559 nobis
768 1495 903 1558 offundit
932 1497 1008 1559 noui
1039 1497 1198 1580 euangelii
1225 1497 1368 1574 libertas,
1400 1519 1464 1581 quo
1490 1497 1593 1579 magis

399 1599 591 1664 cauendum.
609 1600 834 1683 Resignantur,
852 1602 1099 1686 intercipiuntur
1115 1604 1230 1665 omnia.
1254 1601 1372 1666 Libros
1388 1601 1430 1664 de
1447 1602 1596 1664 1111111112

398 1713 430 1767 et
453 1703 607 1768 Genesim
637 1713 669 1767 et
700 1704 763 1768 alia
793 1705 954 1789 quaedam
983 1705 1146 1770 habebam
1177 1708 1343 1790 castigata,
1375 1707 1434 1770 sed
1465 1728 1512 1770 ex
1536 1706 1594 1769 alio

399 1811 510 1893 opinor
541 1809 726 1894 exemplari,
759 1832 856 1894 quam
885 1819 921 1873 tu
951 1834 1028 1874 usus
1057 1833 1101 1874 es
1147 1811 1263 1896 Itaque
1286 1834 1351 1874 non
1373 1812 1471 1897 periit
1497 1832 1594 1896 opera

398 1922 465 1976 tua.
510 1914 652 1998 Dorpius
676 1914 774 1978 habet
795 1913 895 1978 libros
919 1914 959 1978 de
983 1915 1164 1979 Trinitate³
1186 1917 1361 2000 castigatos
1383 1917 1416 1978 in
1440 1938 1517 1980 meo
1548 1938 1594 1978 co-

399 2017 491 2081 dice:
521 2041 582 2081 nec
606 2041 737 2104 possum
758 2019 800 2084 ab
825 2021 1068 2104 compehere,
1100 2031 1135 2084 ut
1159 2021 1272 2085 saltem
1295 2043 1333 2084 ea
1360 2023 1476 2097 mittat,
1513 2043 1593 2105 quae

399 2145 441 2186 ex
462 2122 702 2188 Iemblacensi⁴
726 2124 913 2208 exemplari,
944 2125 1032 2214 quod
1055 2123 1134 2188 mihi
1156 2127 1288 2189 missum
1312 2135 1388 2201 erat,
1413 2126 1594 2189 annotauit.

398 2226 470 2312 Age
493 2227 554 2292 hoc
577 2249 636 2312 per
659 2227 862 2292 (loclenium.
909 2227 1082 2292 Ciuitatem
1105 2229 1198 2293 vides
1221 2231 1342 2293 editam
1364 2252 1422 2314 per
1447 2229 1594 2294 Viuem.⁵

398 2331 468 2416 Ego
493 2334 648 2416 castigeui
671 2333 770 2397 libros
793 2335 826 2396 in
849 2334 1014 2410 Faustum,
1048 2334 1173 2419 reliqua
1203 2344 1239 2398 tu
1269 2356 1476 2420 prosequere.
1526 2335 1593 2397 Nec

398 2439 512 2501 mittito
544 2437 670 2521 singula
700 2436 889 2520 fragmenta,
924 2439 988 2502 imo
1022 2460 1062 2501 ne
1094 2438 1172 2523 quid
1202 2440 1310 2502 mittas
1342 2448 1416 2502 ante
1453 2438 1592 2524 pascha3

398 2565 473 2605 nam
503 2541 584 2606 forte
615 2541 714 2605 adero
745 2541 840 2605 isthic
873 2545 1020 2627 proximo
1051 2565 1138 2607 vere.
1185 2543 1228 2606 Et
1259 2546 1328 2608 sine
1358 2565 1430 2606 mea
1455 2565 1593 2608 censura
1636 2563 1641 2570 ·

397 2646 476 2709 nihil
499 2645 605 2730 potest
627 2644 817 2709 Frobenius.
864 2646 903 2710 Iu
924 2645 1140 2732 paraphrases
1172 2649 1198 2710 si
1222 2647 1300 2731 quid
1323 2648 1498 2724 annotaris,
1534 2648 1592 2709 erit-

397 2753 629 2835 gratissimum3
654 2773 807 2835 cuperem
831 2753 916 2814 enim
939 2751 1000 2815 hoc
1024 2773 1105 2836 opus
1128 2750 1271 2836 undique
1294 2750 1481 2815 absolutum
1510 2772 1590 2814 esse.

398 2854 432 2918 Si
456 2857 547 2940 cupis
570 2855 678 2932 libros,
702 2853 883 2919 Frobenius
905 2855 1058 2919 libentius
1082 2855 1138 2918 dat
1159 2855 1267 2931 libros,
1293 2877 1389 2939 quam
1405 2857 1590 2939 pecuniam,

398 2958 432 3022 Si
455 2962 557 3024 mauis
580 2961 762 3044 pecuniam,
795 2959 925 3024 dabitur
948 2982 1054 3045 opera,
1087 2982 1127 3024 ne
1151 2982 1283 3046 operam
1305 2981 1437 3044 prorsus
1461 2961 1590 3024 inanem

398 3067 582 3150 sumpseris.
628 3065 752 3149 Accipe
775 3087 845 3128 rem
867 3087 995 3130 nouam.
1041 3065 1101 3129 Est
1123 3065 1371 3148 hiocollegium
1394 3065 1591 3148 regularium

398 3171 501 3232 sancti
524 3169 697 3234 Leouardi.
730 3169 812 3240 'Sub
844 3170 1102 3255 purificationem
1126 3192 1236 3235 omnes
1259 3171 1353 3234 simul
1385 3192 1461 3234 cum
1485 3173 1589 3255 priore

398 3283 558 3337 exuerunt
577 3274 749 3338 habitum.6
773 3275 897 3338 Viuunt
919 3284 1028 3340 tamen
1052 3276 1098 3339 ibi
1120 3277 1175 3360 qui
1197 3275 1318 3356 uolunt,
1342 3283 1467 3339 mutata
1490 3283 1590 3339 ueste.

443 3543 448 3574 ¹
467 3541 671 3606 Dogmatisches
685 3541 769 3590 Werk
788 3541 834 3589 des
852 3540 1029 3606 Augustinus:
1049 3542 1091 3590 De
1111 3542 1231 3590 doctrina
1250 3541 1395 3590 christiana
1413 3540 1441 3591 11.
1460 3541 1508 3590 IV.
1531 3541 1589 3605 (397

468 3630 508 3678 bis
527 3631 577 3677 426
596 3628 790 3694 geschrieben).

439 3717 449 3750 ²
468 3716 549 3766 Seohs
561 3717 667 3766 Biioher
685 3716 718 3766 de
737 3718 846 3778 musica,
866 3718 910 3766 ein
923 3716 1090 3766 Bruchstiick
1109 3718 1183 3766 eines
1200 3714 1464 3780 enoyklopitdischen
1477 3716 1590 3766 Werkes

467 3805 514 3853 des
532 3801 672 3869 Augustin.

440 3891 608 3940 ³Fiinfzehn
627 3891 733 3940 Biicher
758 3908 811 3940 von
830 3891 971 3956 Augustin,
995 3890 1120 3940 wahrend
1144 3891 1191 3939 der
1209 3889 1292 3940 Jahre
1310 3891 1448 3938 400-416
1468 3890 1590 3939 versasst.

468 3979 558 4028 Ueber
577 3979 650 4026 disse
664 3977 769 4026 Biicher
787 3978 903 4026 schreibt
915 3977 1042 4026 Erasmus
1060 3977 1143 4025 sehon
1158 3977 1223 4025 1517
1236 3991 1272 4024 an
1285 3976 1430 4026 Goclenius
1444 3975 1504 4040 (111.
1516 3977 1589 4040 267):

468 4067 520 4114 Vix
539 4065 639 4128 credas,
665 4080 745 4129 quam
764 4064 909 4114 infeliciter
931 4065 1066 4125 acciderit,
1092 4063 1163 4128 quod
1187 4080 1241 4112 non
1264 4062 1359 4112 saltem
1383 4079 1430 4127 per
1448 4063 1590 4113 Nicolaum
1656 4097 1657 4112 1

468 4154 572 4202 miseris
590 4151 733 4216 Augustini
751 4151 832 4201 libros
851 4153 883 4202 de
903 4153 1035 4201 Trinitate
1053 4152 1124 4216 apud
1142 4151 1272 4215 Dorpium
1292 4150 1412 4200 collatos.
1443 4151 1502 4200 Iam
1521 4153 1590 4200 enim

468 4240 601 4289 Frobenio
611 4239 717 4288 seruent
726 4244 842 4303 quatuor
853 4239 952 4303 praela,
965 4239 1062 4303 quibus
1071 4238 1190 4287 fortassis
1200 4237 1304 4287 accedit
1313 4253 1397 4286 unum
1408 4243 1456 4287 aut
1466 4239 1590 4288 alterum.

441 4327 451 4358 ⁴
469 4327 524 4376 Fiir
542 4326 740 4376 Gemblacensi.

441 4415 527 4463 ⁵Von
546 4414 629 4463 Vives
653 4414 807 4478 (comment.
825 4412 933 4477 illustr.)
952 4411 1031 4461 Basel
1052 4413 1118 4460 1522
1137 4412 1364 4478 herousgegebem
1389 4411 1443 4476 vgl.
1463 4412 1507 4462 die
1526 4413 1590 4461 Vor—

434 4549 436 4557 1
468 4502 531 4551 rede
550 4517 611 4550 zum
624 4500 789 4566 Augustinus
809 4499 887 4563 (auch
905 4499 952 4548 III.
975 4499 1065 4562 1252):
1150 4499 1182 4546 Iu
1201 4499 1251 4548 hac
1269 4501 1391 4563 portione
1411 4499 1455 4562 (ds
1475 4498 1591 4548 Ciuitate

468 4589 530 4654 Dei)
555 4588 622 4637 nihil
646 4594 686 4638 est
708 4594 815 4637 nostrae
834 4587 989 4648 industriae,
1013 4587 1083 4651 quod
1106 4587 1176 4635 hanc
1198 4588 1372 4651 prouinciam,
1397 4587 1504 4635 hortatu
1523 4601 1590 4645 meo,

468 4677 517 4725 sibi
536 4677 641 4740 proprie
659 4676 797 4724 sumsisset
814 4677 856 4722 uir
874 4675 992 4739 apprime
1011 4673 1104 4722 doctus
1122 4674 1236 4723 Ioannes
1255 4673 1406 4722 Lodouicus
1425 4673 1516 4723 Vives.

440 4763 450 4797 ὃ
468 4763 518 4812 Am
537 4762 631 4811 Raude
649 4767 714 4812 nota
731 4763 756 4825 ·ξ·.
