3320 5742
895 554 1041 596 Horawitz.

373 731 441 796 fias.
479 731 567 796 Nihil
590 733 697 817 itaque
721 734 789 794 sine
813 731 945 795 consilio
962 740 994 795 et
1010 731 1229 795 moderamine
1245 731 1355 808 facias,
1381 731 1487 795 donec
1509 755 1573 796 usu

373 838 566 902 exercitatos
587 836 709 901 habeas
733 857 846 900 sensus
870 845 901 899 et
924 835 996 900 talis
1020 837 1072 914 sis,
1098 837 1151 920 qui
1174 845 1344 921 utramque
1359 837 1405 899 tui
1429 845 1572 921 partem,

372 943 516 1006 animum
537 941 690 1006 uidelicet
712 949 745 1004 et
768 962 892 1026 corpus,
924 949 1012 1004 recte
1043 940 1204 1004 moderari
1234 942 1331 1004 noris.
1377 941 1470 1004 Haec
1497 940 1571 1004 bre-

372 1047 456 1110 uiter
486 1047 679 1130 scripserim,
710 1053 882 1130 propterea
905 1045 991 1130 quod
1014 1055 1180 1130 tamquam
1201 1044 1356 1131 paruulus
1378 1047 1412 1108 in
1436 1043 1571 1110 Christo

372 1149 534 1214 humiliter
562 1173 583 1214 a
611 1173 663 1214 me
697 1150 837 1214 lacteum
869 1151 1045 1235 poposcisti
1080 1159 1201 1234 potum.
1253 1150 1337 1215 Vale
1371 1153 1404 1214 in
1436 1150 1570 1216 Christo

371 1255 451 1320 Jesu
474 1263 506 1317 et
526 1257 590 1320 mei
613 1256 796 1320 memineris
812 1257 845 1318 in
860 1257 924 1319 tuis
939 1253 1101 1341 precibus.
1135 1253 1207 1318 Nec
1222 1257 1349 1318 omittas
1365 1278 1417 1319 me
1433 1265 1570 1341 patrum

372 1369 405 1423 et
427 1358 563 1424 fratrum
586 1369 714 1423 tuorum
744 1358 941 1424 orationibus
973 1359 1208 1436 commendare,
1240 1368 1277 1423 ut
1306 1360 1451 1424 vicissim
1483 1361 1569 1424 alius

370 1486 430 1551 pro
456 1463 519 1528 alio
549 1472 676 1528 orantes
707 1462 801 1527 simul
829 1462 1029 1528 beatitudine
1058 1462 1215 1528 donemur
1245 1472 1385 1528 aeterna.
1432 1464 1569 1551 Raptim

372 1591 414 1632 ex
436 1568 657 1652 Egmondensi
688 1567 843 1632 coenobio
874 1567 994 1632 ordinis
1026 1568 1093 1632 diui
1116 1568 1294 1646 Benedicti,
1325 1567 1430 1652 pridie
1461 1591 1568 1634 nonas

372 1671 532 1738 Octobris.

474 1795 530 1846 Aue
548 1796 608 1848 dem
628 1797 692 1846 Cod.
711 1798 776 1848 Hor.
794 1798 826 1848 A.
845 1816 870 1863 p.
884 1799 916 1847 32
930 1798 956 1848 ff.

905 2005 1026 2071 XCIII.

369 2193 517 2248 Ioannes
541 2192 696 2260 nypsius
719 2193 965 2248 Bruxellenais
981 2191 1232 2248 Benedictinus
1250 2194 1403 2250 Martino
1418 2195 1457 2249 L.
1473 2197 1518 2250 B.
1536 2197 1565 2250 S.

476 2359 607 2423 Abhinc
631 2359 750 2444 aliquot
773 2359 947 2441 mensibus,
971 2381 1071 2446 nepos
1096 2359 1294 2437 charissime,
1317 2361 1471 2446 respondi
1489 2364 1564 2433 tuis,

371 2487 450 2550 quas
466 2474 543 2528 tunc
563 2465 604 2528 ad
628 2487 679 2527 me
704 2465 849 2542 dederas,
876 2465 984 2540 literis
1009 2486 1091 2549 quae
1114 2465 1259 2550 profecto
1282 2465 1359 2528 mihi
1382 2476 1475 2529 erant
1492 2489 1565 2550 gra·
1651 2551 1652 2554 Ἴ

370 2570 521 2632 tissimac.
560 2569 684 2632 Verum
706 2570 812 2645 miror,
845 2570 932 2654 quod
954 2571 1092 2646 interim,
1117 2592 1178 2632 nec
1209 2571 1264 2654 qui
1287 2569 1396 2632 valeas
1418 2592 1481 2632 nec
1500 2574 1563 2656 ¹qui
1651 2563 1652 2568 ¹

370 2675 429 2738 tibi
461 2684 535 2737 tuae
566 2675 652 2738 vitae
682 2675 763 2738 ratio
795 2675 958 2753 succedat,
990 2674 1114 2737 adhaec
1145 2697 1187 2738 an
1210 2675 1275 2738 iam
1298 2673 1460 2757 religIonis
1483 2687 1564 2739 vota

371 2781 514 2844 emiseris
545 2787 578 2843 et
606 2781 813 2866 temetipsum
831 2774 882 2843 'ac
912 2788 968 2842 tua
998 2779 1059 2843 deo
1091 2778 1253 2855 obtuleris,
1285 2779 1446 2842 indicasti.
1492 2779 1563 2844 Fac

371 2887 463 2950 breui
488 2895 594 2951 certus
618 2886 677 2949 sim
701 2885 741 2948 de
765 2885 923 2949 omnibus.
947 2883 1134 2948 Praedictas
1157 2907 1235 2948 vero
1255 2885 1363 2948 literas
1379 2885 1421 2949 ad
1438 2894 1470 2947 te
1486 2887 1562 2949 misi

369 3015 429 3078 per
459 2990 643 3056 Cornelium
674 2989 808 3054 Gosium
837 2991 1044 3075 Hagienscm,
1081 2991 1144 3074 qui,
1179 2991 1212 3053 ni
1243 2989 1344 3066 fallor,
1381 2989 1562 3054 studiorum
1650 2979 1651 2998 ¹

369 3099 473 3183 gratia
495 3098 579 3160 inter
602 3093 809 3160 scholasticos
832 3096 1038 3160 Martinensis
1062 3095 1186 3178 collegii
1214 3096 1303 3159 viuit.
1351 3094 1385 3159 Si
1415 3094 1563 3159 nondum

370 3225 425 3267 eas
448 3202 612 3287 accepisti,
635 3200 774 3265 liberum
789 3200 848 3264 tibi
864 3209 921 3278 est,
945 3199 1073 3285 abipso
1090 3200 1254 3276 sciscitari,
1280 3222 1338 3262 cur
1353 3222 1416 3263 non
1433 3198 1563 3263 dederit

369 3307 438 3371 tibi.
463 3305 635 3370 Caeterum
658 3304 872 3390 multiplicare
895 3304 1135 3368 exhortationes
1159 3312 1191 3365 et
1214 3303 1395 3388 spirituales
1415 3303 1560 3367 admoni—
1649 3335 1650 3354 2

370 3413 473 3475 tiones
505 3413 569 3475 iam
599 3419 774 3494 utcumque
798 3409 907 3473 adulto
931 3431 970 3473 ac
992 3410 1026 3471 in
1048 3408 1212 3492 religionis
1235 3407 1356 3471 harena
1379 3407 1480 3494 (haud
1506 3408 1562 3471 du·

368 3517 472 3598 bium)
496 3514 715 3600 multipliciter
736 3515 913 3578 exercitato
937 3535 1215 3600 superuacaneum
1239 3514 1493 3576 existimauerim
1519 3513 1559 3577 ob

369 3622 402 3686 id
425 3621 635 3706 potissimum,
665 3618 751 3702 quod
773 3617 896 3682 affatim
919 3626 1103 3681 sanctorum
1125 3617 1248 3681 habeas
1272 3620 1393 3703 scripta
1415 3619 1560 3682 virorum

370 3735 401 3789 et
424 3724 625 3810 quotidianas
649 3724 850 3808 superiorum
870 3745 908 3785 ac
924 3731 1172 3807 praeceptorum
1188 3731 1315 3785 tuorum
1331 3723 1559 3785 instructiones
1648 3743 1649 3752 ¹

368 3830 494 3906 audias,
527 3851 662 3913 quorum
692 3850 750 3913 pro
781 3827 905 3891 viribus
937 3827 1160 3912 obtemperare
1190 3828 1318 3890 monitis
1350 3837 1382 3890 ct
1418 3827 1560 3891 consiliis

368 3937 429 3998 iter
456 3943 504 3996 est
533 3932 575 3996 ad
605 3932 837 4018 perfectionem
868 3942 900 3994 et
932 3932 1068 3996 salutem
1099 3940 1272 3994 aeternam.
1319 3930 1395 4008 Oro,
1429 3931 1560 3994 assidua

370 4038 564 4121 cogitatione
593 4045 765 4122 pertracta,
798 4059 856 4099 cur
887 4036 1075 4126 religionem
1104 4037 1238 4112 intrasti,
1270 4057 1331 4099 nec
1360 4037 1503 4121 accipias
1528 4038 1559 4098 in

369 4165 490 4206 vanum
520 4142 661 4205 animam
692 4150 789 4218 tuam,
822 4140 879 4205 sed
902 4141 977 4204 tolle
1001 4140 1087 4204 illam
1111 4140 1330 4204 indesinenter
1353 4142 1385 4203 in
1409 4139 1559 4203 manibus

368 4247 431 4310 tuis
464 4255 497 4309 et
530 4245 707 4321 considera,
744 4254 899 4330 quantum
934 4246 968 4308 in
1003 4254 1134 4308 sanctae
1166 4245 1329 4329 religionis
1361 4245 1458 4308 vinea
1487 4266 1558 4328 pro-

368 4372 499 4416 moueas
523 4358 721 4435 quantumue
745 4349 888 4413 deficias.
926 4349 976 4413 Ita
999 4350 1075 4413 fiat¹
1101 4349 1277 4435 opitulante
1301 4347 1421 4413 Christi
1444 4350 1557 4432 gratia,

369 4464 405 4520 ut
438 4456 638 4519 conuersatio
672 4464 727 4518 tua
760 4455 821 4518 deo
852 4464 988 4540 accepta
1018 4456 1058 4517 sit
1088 4465 1121 4518 et
1149 4454 1334 4519 hominibus
1367 4462 1401 4516 et
1432 4452 1558 4517 fructus

369 4559 488 4623 reddas
512 4560 658 4643 optimos,
684 4559 801 4644 quibus
824 4567 857 4622 et
880 4558 924 4623 dii
946 4558 1162 4624 laetificentur
1185 4567 1217 4622 et
1238 4557 1393 4622 homines.

370 4683 574 4694 ...—-.---—

413 4737 419 4769 ¹
438 4735 474 4786 fia
493 4735 596 4798 (Litcke
614 4736 657 4786 fflr
674 4737 754 4786 einen
772 4733 961 4797 Buchstaben).
