3320 5742
92 433 183 508 [779]
395 445 495 485 Erasmus
509 455 551 484 von
565 443 691 484 Rotterdam
705 443 749 484 und
763 443 872 484 Martinus
885 444 982 494 Lipsius.
1224 427 1283 490 111

91 619 261 696 Attamen,
295 621 320 682 si
352 641 431 704 quos
462 618 543 682 forte
567 617 727 682 sanabiles
750 621 940 704 reppereris,
972 642 1036 684 non
1059 619 1198 684 verebor
1228 618 1287 682 tibi

91 747 161 788 esse
185 734 292 801 autor,
317 734 353 788 ut
374 725 444 788 illos
466 724 509 788 ad
533 724 718 788 sublimiora
745 725 861 787 inuites
884 733 925 800 et,
950 725 977 788 si
999 734 1100 809 potes,
1133 724 1194 788 illis
1217 745 1286 809 per-

91 830 233 894 suadeas
258 830 444 894 mehoribus
461 830 574 894 studiis
590 851 710 893 nauare
734 851 875 914 operam.
912 829 1027 914 Neque
1050 838 1159 894 tamen
1180 828 1286 906 video,

91 935 169 1022 quid
193 945 227 999 te
252 937 398 1012 mouerit,
422 944 458 998 ut
481 935 521 999 de
544 936 623 998 meis
646 935 749 1010 neniis
773 934 945 998 scriberes:
970 934 1050 1018 ,Ego
1074 944 1160 998 certe
1184 935 1287 1018 magis

90 1041 218 1105 afficior
243 1043 340 1104 unico
363 1041 508 1126 epistolio
530 1061 629 1104 manu
651 1047 716 1104 111ι
741 1050 774 1103 01
797 1049 857 1104 001.
893 1040 1015 1104 Puduit
1036 1062 1089 1104 me
1115 1041 1187 1117 mei,
1214 1061 1288 1105 cum

92 1147 174 1210 haec
212 1145 367 1230 legerem.
413 1145 511 1208 Absit
544 1147 639 1220 enim,
674 1154 710 1208 ut
739 1144 791 1208 vel
822 1145 901 1221 illos,
937 1167 1073 1230 quorum
1099 1127 1286 1209 recensuist‘

92 1249 231 1328 libellos,
257 1250 341 1316 adeo
364 1252 459 1314 nauci
482 1250 592 1326 facias,
611 1259 660 1313 ⁴ut
686 1248 747 1313 illis
777 1251 928 1314 minutias
958 1271 1056 1326 meas,
1088 1271 1171 1334 quae
1201 1249 1289 1314 nullo

93 1356 214 1439 dignae
240 1365 317 1418 sunt
338 1355 467 1431 honore,
497 1353 675 1439 praeferas3
706 1376 782 1418 nam
804 1364 836 1418 et
858 1376 878 1417 a
900 1376 952 1419 me
975 1376 1103 1439 quoque
1126 1354 1188 1418 illis
1211 1377 1288 1418 suus

92 1460 235 1524 habetur
258 1460 369 1524 honos.
414 1459 489 1523 Non
519 1457 682 1524 maliciose
713 1468 769 1524 aut
797 1461 977 1544 procaciter
1008 1458 1204 1523 obiiciendos
1231 1441 1287 1523 aut

95 1564 361 1644 contemnendos,
387 1563 444 1627 sed
466 1563 643 1648 prudenter
659 1563 889 1629 salubrioribus
906 1564 1146 1649 posthabendos
1163 1585 1288 1628 censeo.

94 1671 139 1735 Ut
161 1671 252 1734 enim
276 1669 394 1731 veteris
410 1667 618 1732 Instrumenti
640 1668 739 1732 libros
762 1671 984 1754 postponimus
1006 1670 1053 1744 iis,
1078 1671 1178 1753 quos¹
1202 1666 1290 1732 Chri-

97 1785 173 1856 stus,
199 1783 335 1838 sanctae
358 1774 508 1837 nouitatis
531 1783 632 1850 autor,
657 1773 750 1837 nobis
773 1773 913 1850 tradidit,
945 1775 991 1837 ita
1014 1774 1126 1838 ethos
1157 1783 1189 1837 et
1211 1773 1290 1837 ahos

99 1880 245 1944 eiusdem
270 1878 393 1942 farinae
415 1877 541 1941 libellos
570 1879 708 1962 egregiis
731 1878 792 1941 illis
823 1877 982 1942 clarorum
1012 1881 1154 1943 virorum
1181 1899 1290 1942 monu—
1327 1935 1329 1939 ,

97 1986 214 2047 mentis
238 1983 480 2069 posthabemus,
505 2005 569 2047 non
593 1983 724 2068 quidem
739 1992 950 2068 aspernantes
968 1985 1207 2059 contumaciter,
1233 1983 1290 2046 sed

98 2099 206 2154 rectae
242 2089 375 2153 rationis
410 2087 575 2152 dictamen
609 2097 789 2173 sequentes.
835 2088 887 2152 Ibi
922 2089 1032 2152 diuina
1069 2088 1202 2164 diuinis,
1238 2087 1291 2152 hic

98 2194 240 2258 humana
264 2194 412 2258 humanis
435 2192 661 2279 praeferimus:
695 2215 811 2278 neque¹
832 2203 941 2256 tamen
971 2193 1084 2257 horum
1117 2193 1291 2277 quicquam

101 2299 333 2364 contumeliose
366 2298 538 2362 reiicimus.
585 2296 650 2360 Sed
680 2307 716 2360 ut
745 2307 823 2362 tunc
854 2320 982 2362 crassus
1013 2297 1065 2362 ille
1097 2297 1291 2362 Iudaeorum

100 2406 238 2491 populus
263 2405 376 2469 Mosen
401 2424 494 2466 suum
516 2403 678 2467 mordicus
694 2412 807 2467 tenens
824 2402 950 2468 Christo
967 2414 999 2467 et
1014 2403 1166 2489 apostolis
1185 2403 1291 2486 legem

101 2510 345 2595 antiquantibus
368 2507 585 2593 obstrepebat,
610 2509 654 2572 ita
677 2517 708 2571 et
730 2531 817 2573 nunc
848 2509 987 2592 religiosi
1016 2531 1131 2594 parum
1160 2509 1291 2592 ingenui

101 2613 287 2679 huiusmodi
311 2613 466 2698 opuscula
488 2615 616 2690 arctius,
646 2635 743 2698 quam
765 2636 825 2699 par
855 2616 903 2690 sit,
935 2614 1168 2700 amplectentes
1197 2612 1291 2676 nobis

101 2719 288 2783 reclamant.
334 2717 380 2780 At
403 2719 429 2780 si
458 2740 561 2802 roges,
594 2718 672 2803 quid
702 2722 735 2782 in
764 2727 866 2782 totum
897 2719 938 2783 de
967 2718 1146 2783 istiusmodi
1175 2717 1291 2782 libellis
1323 2785 1325 2789 ,

102 2826 246 2900 sentiam,
272 2822 428 2887 audacter
451 2823 598 2887 dixerim.
645 2823 928 2904 Quemadmodum
957 2824 1011 2887 lex
1035 2823 1087 2887 illa
1110 2825 1289 2909 imperiosa,

101 2951 183 3012 quae
219 2928 430 3012 euangelicae
465 2928 630 2992 doctrinae
664 2951 728 2993 non
762 2929 995 3005 famulabatur,
1031 2928 1160 2992 Iudaeis
1195 2929 1292 2992 noxia

99 3033 197 3097 fuisse
221 3035 377 3109 noscitur,
402 3034 448 3096 sic
471 3043 503 3096 et
525 3033 623 3097 libelli
647 3035 707 3110 isti,
732 3035 792 3097 nisi
816 3033 936 3117 gradus
960 3034 1091 3119 quidam
1107 3032 1228 3096 fuerint
1250 3033 1292 3096 ad

99 3147 249 3204 veterum
265 3148 396 3204 sanctae
420 3138 575 3202 ecclesiae
596 3138 764 3202 doctorum
780 3140 908 3224 scripta,
933 3141 1039 3224 potius
1056 3140 1292 3224 superstitiosos

98 3243 241 3309 reddent
265 3246 313 3308 sui
338 3245 496 3309 studiosos
527 3265 624 3328 quam
657 3245 736 3329 pios.
783 3242 848 3308 Sed
878 3243 920 3307 ad
950 3225 1013 3307 alia
1046 3244 1289 3308 transeundum.

98 3345 275 3413 Sermones
298 3349 342 3412 illi
365 3349 453 3412 Petri
476 3349 651 3412 Rauennae
668 3350 820 3434 episcopi,
845 3348 900 3413 ubi
917 3350 1015 3426 voles,
1040 3349 1082 3413 ad
1098 3359 1130 3413 te
1146 3351 1289 3413 venient.

95 3452 199 3518 Porro
224 3455 266 3518 de
290 3453 421 3518 Saxone
445 3455 507 3517 iam
531 3454 589 3518 tibi
612 3452 813 3517 satisfactum
835 3454 939 3531 rebar,
966 3454 1024 3518 sed
1048 3476 1141 3518 secus
1170 3454 1292 3518 habere

96 3565 153 3622 tua
176 3582 231 3624 me
255 3560 350 3624 docet
372 3559 515 3645 epistola.
554 3557 608 3622 Sic
631 3560 716 3622 enim
740 3559 867 3622 scribis:
893 3557 1055 3634 ‚Coniecto
1078 3558 1165 3622 illam
1188 3560 1292 3641 gentis

95 3661 182 3728 illius
213 3662 380 3729 historiam
403 3664 444 3728 ab
468 3667 538 3749 ipso
561 3663 691 3728 Saxone
715 3666 930 3750 conscriptam
947 3664 1005 3728 tibi
1028 3664 1135 3728 adhuc
1151 3664 1292 3746 incogni-

96 3777 185 3831 tam!
235 3769 274 3832 In
297 3770 377 3833 meis
401 3769 443 3833 ad
466 3779 497 3832 te
520 3769 628 3845 literis
665 3770 786 3854 opinor,
818 3769 922 3833 fassus
947 3791 1018 3833 sum
1040 3769 1118 3833 mihi
1149 3767 1291 3832 nondum

94 3873 203 3937 visam
228 3875 292 3937 viri
315 3874 399 3938 illius
421 3874 596 3951 historiam,
625 3876 722 3937 101οἳ
751 3872 924 3938 tamenab
955 3874 1101 3938 amiculis
1134 3871 1293 3958 quaedam

94 3998 304 4064 acceperam,
338 3979 380 4043 ab
412 3981 459 4055 iis,
492 4000 574 4063 quae
602 3988 637 4041 tu
660 3978 784 4054 scribis,
814 4001 878 4042 non
900 3979 1036 4042 multum
1060 3979 1292 4063 discrepantia:

96 4083 264 4168 siquidem
293 4107 358 4149 non
387 4085 449 4148 alio
479 4085 607 4148 nomine
638 4083 727 4147 illum
758 4084 835 4148 mihi
863 4083 1049 4161 laudabant,
1086 4106 1183 4170 quam
1206 4082 1294 4168 quod

96 4186 252 4254 Danicae
276 4191 380 4272 gentis
403 4190 568 4253 historiam
600 4188 724 4252 erudite
748 4190 992 4273 conscripserat.
1039 4189 1086 4253 At
1107 4211 1194 4252 nunc
1225 4188 1293 4251 vidi

96 4313 180 4376 opus
206 4297 314 4380 ipsum
344 4304 511 4380 tantopere
542 4295 601 4358 abs
636 4303 667 4356 te
696 4293 871 4375 laudatum,
903 4293 1057 4358 Badianis
1088 4295 1175 4378 typis
1206 4293 1293 4357 haud

141 4539 148 4571 ¹
168 4557 207 4606 qu
228 4541 344 4606 (Rasur).

141 4626 150 4659 ²
169 4632 284 4678 verum?
