<?xml version="1.0" encoding="UTF-8"?>
<!DOCTYPE html PUBLIC "-//W3C//DTD XHTML 1.0 Transitional//EN"
    "http://www.w3.org/TR/xhtml1/DTD/xhtml1-transitional.dtd">
<html xmlns="http://www.w3.org/1999/xhtml" xml:lang="en" lang="en">
 <head>
  <title>
</title>
<meta http-equiv="Content-Type" content="text/html;charset=utf-8" />
  <meta name='ocr-system' content='tesseract 3.04.00' />
  <meta name='ocr-capabilities' content='ocr_page ocr_carea ocr_par ocr_line ocrx_word'/>
</head>
<body>
  <div class='ocr_page' id='page_1' title='image "./erasmusvonrotte00lipsgoog_0040.png"; bbox 0 0 3372 5768; ppageno 0'>
   <div class='ocr_carea' id='block_1_1' title="bbox 397 523 1585 606">
    <p class='ocr_par' dir='ltr' id='par_1_1' title="bbox 397 523 1585 606">
     <span class='ocr_line' id='line_1_1' title="bbox 397 523 1585 606; baseline 0.008 -34"><span class='ocrx_word' id='word_1_1' title='bbox 397 523 440 586; x_wconf 86' lang='lat'>34</span> <span class='ocrx_word' id='word_1_2' title='bbox 913 533 1060 577; x_wconf 62' lang='lat' dir='ltr'>noranta.</span> <span class='ocrx_word' id='word_1_3' title='bbox 1447 601 1449 606; x_wconf 91' lang='lat'><em>.</em></span> <span class='ocrx_word' id='word_1_4' title='bbox 1488 525 1585 598; x_wconf 86' lang='lat'>[696]</span> 
     </span>
    </p>
   </div>
   <div class='ocr_carea' id='block_1_2' title="bbox 325 711 1587 4464">
    <p class='ocr_par' dir='ltr' id='par_1_2' title="bbox 325 711 1587 4464">
     <span class='ocr_line' id='line_1_2' title="bbox 395 711 1585 797; baseline -0.002 -21"><span class='ocrx_word' id='word_1_5' title='bbox 395 734 447 776; x_wconf 91' lang='lat' dir='ltr'>me</span> <span class='ocrx_word' id='word_1_6' title='bbox 470 711 633 776; x_wconf 88' lang='lat' dir='ltr'>literarum</span> <span class='ocrx_word' id='word_1_7' title='bbox 664 721 791 776; x_wconf 90' lang='lat' dir='ltr'>tuarum</span> <span class='ocrx_word' id='word_1_8' title='bbox 821 721 854 774; x_wconf 90' lang='lat' dir='ltr'>et</span> <span class='ocrx_word' id='word_1_9' title='bbox 883 712 1057 797; x_wconf 89' lang='lat' dir='ltr'>praecipue</span> <span class='ocrx_word' id='word_1_10' title='bbox 1086 712 1263 776; x_wconf 88' lang='lat' dir='ltr'>carminum</span> <span class='ocrx_word' id='word_1_11' title='bbox 1292 711 1508 796; x_wconf 81' lang='lat' dir='ltr'>eloquentiam</span> <span class='ocrx_word' id='word_1_12' title='bbox 1536 712 1585 774; x_wconf 93' lang='lat' dir='ltr'>in-</span> 
     </span>
     <span class='ocr_line' id='line_1_3' title="bbox 396 813 1587 903; baseline -0.003 -22"><span class='ocrx_word' id='word_1_13' title='bbox 396 817 490 902; x_wconf 87' lang='lat' dir='ltr'>genio</span> <span class='ocrx_word' id='word_1_14' title='bbox 520 818 658 903; x_wconf 83' lang='lat' dir='ltr'>assequi.</span> <span class='ocrx_word' id='word_1_15' title='bbox 704 814 769 878; x_wconf 84' lang='lat' dir='ltr'>Sed</span> <span class='ocrx_word' id='word_1_16' title='bbox 807 815 885 900; x_wconf 93' lang='lat' dir='ltr'>quid</span> <span class='ocrx_word' id='word_1_17' title='bbox 914 825 982 879; x_wconf 90' lang='lat' dir='ltr'>tum</span> <span class='ocrx_word' id='word_1_18' title='bbox 1011 815 1145 900; x_wconf 81' lang='lat' dir='ltr'>postea?</span> <span class='ocrx_word' id='word_1_19' title='bbox 1190 813 1315 900; x_wconf 84' lang='lat' dir='ltr'>Sequar</span> <span class='ocrx_word' id='word_1_20' title='bbox 1352 814 1465 878; x_wconf 89' lang='lat' dir='ltr'>saltem</span> <span class='ocrx_word' id='word_1_21' title='bbox 1496 815 1587 900; x_wconf 91' lang='lat' dir='ltr'>quod</span> 
     </span>
     <span class='ocr_line' id='line_1_4' title="bbox 396 918 1585 1008; baseline -0.001 -23"><span class='ocrx_word' id='word_1_22' title='bbox 396 923 524 1008; x_wconf 80' lang='lat' dir='ltr'><strong>assequi</strong></span> <span class='ocrx_word' id='word_1_23' title='bbox 545 943 610 986; x_wconf 93' lang='lat' dir='ltr'>non</span> <span class='ocrx_word' id='word_1_24' title='bbox 633 921 735 986; x_wconf 90' lang='lat' dir='ltr'>datur.</span> <span class='ocrx_word' id='word_1_25' title='bbox 780 918 820 984; x_wconf 90' lang='lat' dir='ltr'>Id</span> <span class='ocrx_word' id='word_1_26' title='bbox 850 919 929 1006; x_wconf 82' lang='lat' dir='ltr'>(non</span> <span class='ocrx_word' id='word_1_27' title='bbox 958 918 1102 1006; x_wconf 81' lang='lat' dir='ltr'><strong>ambigo)</strong></span> <span class='ocrx_word' id='word_1_28' title='bbox 1133 929 1206 984; x_wconf 89' lang='lat' dir='ltr'>tuus</span> <span class='ocrx_word' id='word_1_29' title='bbox 1238 920 1358 984; x_wconf 87' lang='lat' dir='ltr'>candor</span> <span class='ocrx_word' id='word_1_30' title='bbox 1386 920 1465 985; x_wconf 91' lang='lat' dir='ltr'>mihi</span> <span class='ocrx_word' id='word_1_31' title='bbox 1494 921 1585 984; x_wconf 87' lang='lat' dir='ltr'>laudi</span> 
     </span>
     <span class='ocr_line' id='line_1_5' title="bbox 395 1025 1586 1111; baseline -0.002 -21"><span class='ocrx_word' id='word_1_32' title='bbox 395 1026 523 1102; x_wconf 83' lang='lat' dir='ltr'>tribuet,</span> <span class='ocrx_word' id='word_1_33' title='bbox 549 1025 636 1111; x_wconf 85' lang='lat' dir='ltr'>quod</span> <span class='ocrx_word' id='word_1_34' title='bbox 657 1047 762 1090; x_wconf 91' lang='lat' dir='ltr'>meam</span> <span class='ocrx_word' id='word_1_35' title='bbox 784 1027 971 1089; x_wconf 78' lang='lat' dir='ltr'>tenuitatem</span> <span class='ocrx_word' id='word_1_36' title='bbox 993 1025 1153 1111; x_wconf 89' lang='lat' dir='ltr'>pudenter</span> <span class='ocrx_word' id='word_1_37' title='bbox 1173 1046 1322 1108; x_wconf 87' lang='lat' dir='ltr'>agnosco,</span> <span class='ocrx_word' id='word_1_38' title='bbox 1347 1025 1499 1110; x_wconf 90' lang='lat' dir='ltr'>quodque</span> <span class='ocrx_word' id='word_1_39' title='bbox 1522 1047 1586 1088; x_wconf 91' lang='lat' dir='ltr'>nec</span> 
     </span>
     <span class='ocr_line' id='line_1_6' title="bbox 397 1129 1586 1197; baseline -0.001 -2"><span class='ocrx_word' id='word_1_40' title='bbox 397 1140 529 1197; x_wconf 90' lang='lat' dir='ltr'>conatus</span> <span class='ocrx_word' id='word_1_41' title='bbox 552 1153 613 1194; x_wconf 91' lang='lat' dir='ltr'>nec</span> <span class='ocrx_word' id='word_1_42' title='bbox 636 1130 783 1195; x_wconf 90' lang='lat' dir='ltr'>voluntas</span> <span class='ocrx_word' id='word_1_43' title='bbox 814 1130 1027 1196; x_wconf 88' lang='lat' dir='ltr'>vicissitudini</span> <span class='ocrx_word' id='word_1_44' title='bbox 1056 1129 1242 1195; x_wconf 84' lang='lat' dir='ltr'>reddendae</span> <span class='ocrx_word' id='word_1_45' title='bbox 1273 1130 1441 1194; x_wconf 89' lang='lat' dir='ltr'>defuerint.</span> <span class='ocrx_word' id='word_1_46' title='bbox 1486 1130 1586 1194; x_wconf 89' lang='lat' dir='ltr'>Nunc</span> 
     </span>
     <span class='ocr_line' id='line_1_7' title="bbox 396 1233 1585 1321; baseline -0.002 -21"><span class='ocrx_word' id='word_1_47' title='bbox 396 1234 438 1300; x_wconf 91' lang='lat' dir='ltr'>ad</span> <span class='ocrx_word' id='word_1_48' title='bbox 461 1233 614 1321; x_wconf 89' lang='lat' dir='ltr'>epistolae</span> <span class='ocrx_word' id='word_1_49' title='bbox 637 1243 711 1298; x_wconf 90' lang='lat' dir='ltr'>tuae</span> <span class='ocrx_word' id='word_1_50' title='bbox 734 1244 833 1320; x_wconf 92' lang='lat' dir='ltr'>caput</span> <span class='ocrx_word' id='word_1_51' title='bbox 855 1257 906 1299; x_wconf 89' lang='lat' dir='ltr'>me</span> <span class='ocrx_word' id='word_1_52' title='bbox 930 1233 1071 1299; x_wconf 83' lang='lat' dir='ltr'>confero.</span> <span class='ocrx_word' id='word_1_53' title='bbox 1115 1234 1260 1319; x_wconf 89' lang='lat' dir='ltr'>Ingenue</span> <span class='ocrx_word' id='word_1_54' title='bbox 1276 1234 1379 1298; x_wconf 88' lang='lat' dir='ltr'>fateor</span> <span class='ocrx_word' id='word_1_55' title='bbox 1401 1236 1489 1299; x_wconf 91' lang='lat' dir='ltr'>oneri</span> <span class='ocrx_word' id='word_1_56' title='bbox 1505 1235 1585 1298; x_wconf 91' lang='lat' dir='ltr'>mihi</span> 
     </span>
     <span class='ocr_line' id='line_1_8' title="bbox 396 1337 1584 1418; baseline -0.001 -14"><span class='ocrx_word' id='word_1_57' title='bbox 396 1339 495 1404; x_wconf 88' lang='lat' dir='ltr'>fuisse</span> <span class='ocrx_word' id='word_1_58' title='bbox 518 1340 649 1402; x_wconf 90' lang='lat' dir='ltr'>nimiam</span> <span class='ocrx_word' id='word_1_59' title='bbox 671 1337 901 1403; x_wconf 85' lang='lat' dir='ltr'>verecundiam</span> <span class='ocrx_word' id='word_1_60' title='bbox 923 1347 1021 1402; x_wconf 88' lang='lat' dir='ltr'>tuam.</span> <span class='ocrx_word' id='word_1_61' title='bbox 1068 1337 1133 1402; x_wconf 82' lang='lat' dir='ltr'>Cur</span> <span class='ocrx_word' id='word_1_62' title='bbox 1152 1338 1235 1403; x_wconf 81' lang='lat' dir='ltr'>hoc?</span> <span class='ocrx_word' id='word_1_63' title='bbox 1281 1337 1366 1418; x_wconf 78' lang='lat' dir='ltr'>Quia</span> <span class='ocrx_word' id='word_1_64' title='bbox 1387 1337 1584 1416; x_wconf 84' lang='lat' dir='ltr'>metuebam,</span> 
     </span>
     <span class='ocr_line' id='line_1_9' title="bbox 396 1443 1584 1528; baseline 0 -20"><span class='ocrx_word' id='word_1_65' title='bbox 396 1466 437 1508; x_wconf 89' lang='lat' dir='ltr'>ne</span> <span class='ocrx_word' id='word_1_66' title='bbox 460 1444 606 1508; x_wconf 87' lang='lat' dir='ltr'>amicicia</span> <span class='ocrx_word' id='word_1_67' title='bbox 634 1445 692 1508; x_wconf 88' lang='lat' dir='ltr'>vix</span> <span class='ocrx_word' id='word_1_68' title='bbox 722 1444 800 1508; x_wconf 91' lang='lat' dir='ltr'>inita</span> <span class='ocrx_word' id='word_1_69' title='bbox 832 1443 1055 1528; x_wconf 80' lang='lat' dir='ltr'>languesceret</span> <span class='ocrx_word' id='word_1_70' title='bbox 1084 1466 1123 1507; x_wconf 87' lang='lat' dir='ltr'>ac</span> <span class='ocrx_word' id='word_1_71' title='bbox 1153 1465 1267 1508; x_wconf 90' lang='lat' dir='ltr'>reeens</span> <span class='ocrx_word' id='word_1_72' title='bbox 1297 1453 1373 1508; x_wconf 90' lang='lat' dir='ltr'>nata</span> <span class='ocrx_word' id='word_1_73' title='bbox 1394 1454 1584 1508; x_wconf 84' lang='lat' dir='ltr'>moreretur.</span> 
     </span>
     <span class='ocr_line' id='line_1_10' title="bbox 396 1546 1586 1634; baseline -0.003 -20"><span class='ocrx_word' id='word_1_74' title='bbox 396 1548 543 1614; x_wconf 88' lang='lat' dir='ltr'>Mearum</span> <span class='ocrx_word' id='word_1_75' title='bbox 573 1549 682 1634; x_wconf 90' lang='lat' dir='ltr'>itaque</span> <span class='ocrx_word' id='word_1_76' title='bbox 712 1549 852 1634; x_wconf 91' lang='lat' dir='ltr'>partium</span> <span class='ocrx_word' id='word_1_77' title='bbox 882 1570 952 1613; x_wconf 89' lang='lat' dir='ltr'>esse</span> <span class='ocrx_word' id='word_1_78' title='bbox 983 1546 1164 1626; x_wconf 79' lang='lat' dir='ltr'>censebam,</span> <span class='ocrx_word' id='word_1_79' title='bbox 1196 1558 1232 1612; x_wconf 91' lang='lat' dir='ltr'>ut</span> <span class='ocrx_word' id='word_1_80' title='bbox 1259 1549 1294 1612; x_wconf 92' lang='lat' dir='ltr'>id</span> <span class='ocrx_word' id='word_1_81' title='bbox 1324 1548 1399 1612; x_wconf 87' lang='lat' dir='ltr'>mali</span> <span class='ocrx_word' id='word_1_82' title='bbox 1429 1570 1487 1633; x_wconf 89' lang='lat' dir='ltr'>pro</span> <span class='ocrx_word' id='word_1_83' title='bbox 1511 1570 1586 1612; x_wconf 91' lang='lat' dir='ltr'>mea</span> 
     </span>
     <span class='ocr_line' id='line_1_11' title="bbox 396 1651 1585 1738; baseline 0.003 -23"><span class='ocrx_word' id='word_1_84' title='bbox 396 1652 480 1716; x_wconf 82' lang='lat' dir='ltr'>virili</span> <span class='ocrx_word' id='word_1_85' title='bbox 503 1651 656 1716; x_wconf 90' lang='lat' dir='ltr'>tollerem.</span> <span class='ocrx_word' id='word_1_86' title='bbox 694 1654 790 1717; x_wconf 89' lang='lat' dir='ltr'>Nunc</span> <span class='ocrx_word' id='word_1_87' title='bbox 812 1653 938 1736; x_wconf 90' lang='lat' dir='ltr'>gaudeo</span> <span class='ocrx_word' id='word_1_88' title='bbox 960 1652 994 1716; x_wconf 93' lang='lat' dir='ltr'>id</span> <span class='ocrx_word' id='word_1_89' title='bbox 1017 1652 1174 1718; x_wconf 80' lang='lat' dir='ltr'>obstaculi</span> <span class='ocrx_word' id='word_1_90' title='bbox 1196 1653 1348 1721; x_wconf 86' lang='lat' dir='ltr'>ablatum.</span> <span class='ocrx_word' id='word_1_91' title='bbox 1386 1653 1458 1716; x_wconf 90' lang='lat' dir='ltr'>Hoc</span> <span class='ocrx_word' id='word_1_92' title='bbox 1474 1654 1585 1738; x_wconf 91' lang='lat' dir='ltr'>itaque</span> 
     </span>
     <span class='ocr_line' id='line_1_12' title="bbox 397 1756 1584 1842; baseline 0.002 -22"><span class='ocrx_word' id='word_1_93' title='bbox 397 1757 537 1840; x_wconf 87' lang='lat' dir='ltr'>gestiens</span> <span class='ocrx_word' id='word_1_94' title='bbox 560 1757 687 1840; x_wconf 90' lang='lat' dir='ltr'>gaudio,</span> <span class='ocrx_word' id='word_1_95' title='bbox 712 1756 773 1820; x_wconf 91' lang='lat' dir='ltr'>hac</span> <span class='ocrx_word' id='word_1_96' title='bbox 796 1766 910 1821; x_wconf 89' lang='lat' dir='ltr'>auctus</span> <span class='ocrx_word' id='word_1_97' title='bbox 933 1758 1060 1821; x_wconf 89' lang='lat' dir='ltr'>laeticia</span> <span class='ocrx_word' id='word_1_98' title='bbox 1074 1756 1178 1821; x_wconf 90' lang='lat' dir='ltr'>libens</span> <span class='ocrx_word' id='word_1_99' title='bbox 1194 1779 1268 1821; x_wconf 90' lang='lat' dir='ltr'>eum</span> <span class='ocrx_word' id='word_1_100' title='bbox 1283 1767 1450 1842; x_wconf 89' lang='lat' dir='ltr'>praetereo</span> <span class='ocrx_word' id='word_1_101' title='bbox 1466 1757 1584 1833; x_wconf 90' lang='lat' dir='ltr'>locum,</span> 
     </span>
     <span class='ocr_line' id='line_1_13' title="bbox 396 1861 1585 1948; baseline 0.001 -22"><span class='ocrx_word' id='word_1_102' title='bbox 396 1862 453 1926; x_wconf 92' lang='lat' dir='ltr'>ubi</span> <span class='ocrx_word' id='word_1_103' title='bbox 475 1863 692 1948; x_wconf 90' lang='lat' dir='ltr'>impudentiae</span> <span class='ocrx_word' id='word_1_104' title='bbox 716 1861 844 1947; x_wconf 90' lang='lat' dir='ltr'>culpam</span> <span class='ocrx_word' id='word_1_105' title='bbox 866 1863 1034 1948; x_wconf 88' lang='lat' dir='ltr'>deprecari</span> <span class='ocrx_word' id='word_1_106' title='bbox 1057 1863 1186 1926; x_wconf 90' lang='lat' dir='ltr'>videris.</span> <span class='ocrx_word' id='word_1_107' title='bbox 1231 1863 1311 1927; x_wconf 91' lang='lat' dir='ltr'>Mihi</span> <span class='ocrx_word' id='word_1_108' title='bbox 1335 1873 1384 1927; x_wconf 89' lang='lat' dir='ltr'>sat</span> <span class='ocrx_word' id='word_1_109' title='bbox 1406 1872 1463 1940; x_wconf 90' lang='lat' dir='ltr'>est,</span> <span class='ocrx_word' id='word_1_110' title='bbox 1496 1863 1585 1948; x_wconf 91' lang='lat' dir='ltr'>quod</span> 
     </span>
     <span class='ocr_line' id='line_1_14' title="bbox 397 1966 1586 2053; baseline 0.002 -23"><span class='ocrx_word' id='word_1_111' title='bbox 397 1966 570 2031; x_wconf 90' lang='lat' dir='ltr'>amiculum</span> <span class='ocrx_word' id='word_1_112' title='bbox 585 1966 682 2031; x_wconf 90' lang='lat' dir='ltr'>talem</span> <span class='ocrx_word' id='word_1_113' title='bbox 704 1967 858 2045; x_wconf 81' lang='lat' dir='ltr'>lucrifeci,</span> <span class='ocrx_word' id='word_1_114' title='bbox 882 1969 916 2030; x_wconf 90' lang='lat' dir='ltr'>in</span> <span class='ocrx_word' id='word_1_115' title='bbox 933 1969 1023 2032; x_wconf 87' lang='lat' dir='ltr'>cuius</span> <span class='ocrx_word' id='word_1_116' title='bbox 1045 1977 1176 2053; x_wconf 89' lang='lat' dir='ltr'>pectore</span> <span class='ocrx_word' id='word_1_117' title='bbox 1191 1991 1256 2032; x_wconf 93' lang='lat' dir='ltr'>non</span> <span class='ocrx_word' id='word_1_118' title='bbox 1278 1977 1402 2032; x_wconf 90' lang='lat' dir='ltr'>tantum</span> <span class='ocrx_word' id='word_1_119' title='bbox 1425 1969 1586 2033; x_wconf 88' lang='lat' dir='ltr'>bonarum</span> 
     </span>
     <span class='ocr_line' id='line_1_15' title="bbox 397 2072 1585 2158; baseline -0.001 -22"><span class='ocrx_word' id='word_1_120' title='bbox 397 2072 562 2136; x_wconf 89' lang='lat' dir='ltr'>literarum</span> <span class='ocrx_word' id='word_1_121' title='bbox 587 2072 806 2158; x_wconf 78' lang='lat' dir='ltr'>impenitenda</span> <span class='ocrx_word' id='word_1_122' title='bbox 827 2073 926 2150; x_wconf 89' lang='lat' dir='ltr'>initia,</span> <span class='ocrx_word' id='word_1_123' title='bbox 959 2072 1072 2136; x_wconf 91' lang='lat' dir='ltr'>sedet</span> <span class='ocrx_word' id='word_1_124' title='bbox 1101 2072 1285 2137; x_wconf 91' lang='lat' dir='ltr'>columbina</span> <span class='ocrx_word' id='word_1_125' title='bbox 1315 2072 1502 2158; x_wconf 86' lang='lat' dir='ltr'>simplicitas</span> <span class='ocrx_word' id='word_1_126' title='bbox 1532 2094 1585 2135; x_wconf 87' lang='lat' dir='ltr'>mc</span> 
     </span>
     <span class='ocr_line' id='line_1_16' title="bbox 397 2175 1585 2265; baseline -0.001 -25"><span class='ocrx_word' id='word_1_127' title='bbox 397 2176 504 2240; x_wconf 86' lang='lat' dir='ltr'>iudice</span> <span class='ocrx_word' id='word_1_128' title='bbox 535 2175 641 2240; x_wconf 90' lang='lat' dir='ltr'>locum</span> <span class='ocrx_word' id='word_1_129' title='bbox 667 2176 774 2243; x_wconf 90' lang='lat' dir='ltr'>habet.</span> <span class='ocrx_word' id='word_1_130' title='bbox 819 2177 889 2241; x_wconf 90' lang='lat' dir='ltr'>Nec</span> <span class='ocrx_word' id='word_1_131' title='bbox 912 2187 962 2242; x_wconf 89' lang='lat' dir='ltr'>est</span> <span class='ocrx_word' id='word_1_132' title='bbox 984 2179 1166 2265; x_wconf 87' lang='lat' dir='ltr'>quicquam,</span> <span class='ocrx_word' id='word_1_133' title='bbox 1198 2177 1285 2263; x_wconf 91' lang='lat' dir='ltr'>quod</span> <span class='ocrx_word' id='word_1_134' title='bbox 1311 2176 1393 2240; x_wconf 88' lang='lat' dir='ltr'>adeo</span> <span class='ocrx_word' id='word_1_135' title='bbox 1422 2176 1585 2260; x_wconf 90' lang='lat' dir='ltr'>flagranti-</span> 
     </span>
     <span class='ocr_line' id='line_1_17' title="bbox 397 2281 1585 2367; baseline -0.003 -21"><span class='ocrx_word' id='word_1_136' title='bbox 397 2282 458 2346; x_wconf 90' lang='lat' dir='ltr'>bus</span> <span class='ocrx_word' id='word_1_137' title='bbox 481 2281 564 2345; x_wconf 91' lang='lat' dir='ltr'>uotis</span> <span class='ocrx_word' id='word_1_138' title='bbox 592 2291 752 2367; x_wconf 85' lang='lat' dir='ltr'>exoptem,</span> <span class='ocrx_word' id='word_1_139' title='bbox 784 2304 881 2367; x_wconf 90' lang='lat' dir='ltr'>quam</span> <span class='ocrx_word' id='word_1_140' title='bbox 904 2292 940 2347; x_wconf 91' lang='lat' dir='ltr'>ut</span> <span class='ocrx_word' id='word_1_141' title='bbox 962 2282 1081 2346; x_wconf 89' lang='lat' dir='ltr'>similes</span> <span class='ocrx_word' id='word_1_142' title='bbox 1110 2283 1156 2346; x_wconf 89' lang='lat' dir='ltr'>tui</span> <span class='ocrx_word' id='word_1_143' title='bbox 1178 2283 1212 2346; x_wconf 92' lang='lat' dir='ltr'>in</span> <span class='ocrx_word' id='word_1_144' title='bbox 1241 2303 1315 2346; x_wconf 89' lang='lat' dir='ltr'>aere</span> <span class='ocrx_word' id='word_1_145' title='bbox 1345 2303 1416 2346; x_wconf 90' lang='lat' dir='ltr'>meo</span> <span class='ocrx_word' id='word_1_146' title='bbox 1447 2304 1482 2344; x_wconf 90' lang='lat' dir='ltr'>se</span> <span class='ocrx_word' id='word_1_147' title='bbox 1514 2303 1585 2344; x_wconf 89' lang='lat' dir='ltr'>esse</span> 
     </span>
     <span class='ocr_line' id='line_1_18' title="bbox 325 2386 1585 2473; baseline 0.001 -24"><span class='ocrx_word' id='word_1_148' title='bbox 325 2421 327 2426; x_wconf 95' lang='lat'>·</span> <span class='ocrx_word' id='word_1_149' title='bbox 399 2396 603 2470; x_wconf 88' lang='lat' dir='ltr'>cognoscant.</span> <span class='ocrx_word' id='word_1_150' title='bbox 648 2387 733 2451; x_wconf 89' lang='lat' dir='ltr'>Nam</span> <span class='ocrx_word' id='word_1_151' title='bbox 756 2389 815 2451; x_wconf 87' lang='lat' dir='ltr'>etsi</span> <span class='ocrx_word' id='word_1_152' title='bbox 837 2388 896 2452; x_wconf 88' lang='lat' dir='ltr'>tibi</span> <span class='ocrx_word' id='word_1_153' title='bbox 925 2389 987 2472; x_wconf 90' lang='lat' dir='ltr'>ipsi</span> <span class='ocrx_word' id='word_1_154' title='bbox 1009 2410 1133 2473; x_wconf 85' lang='lat' dir='ltr'>pauper</span> <span class='ocrx_word' id='word_1_155' title='bbox 1156 2409 1190 2451; x_wconf 88' lang='lat' dir='ltr'>cs</span> <span class='ocrx_word' id='word_1_156' title='bbox 1214 2397 1246 2450; x_wconf 90' lang='lat' dir='ltr'>et</span> <span class='ocrx_word' id='word_1_157' title='bbox 1268 2386 1360 2450; x_wconf 87' lang='lat' dir='ltr'>exilis</span> <span class='ocrx_word' id='word_1_158' title='bbox 1384 2397 1416 2450; x_wconf 90' lang='lat' dir='ltr'>et</span> <span class='ocrx_word' id='word_1_159' title='bbox 1437 2409 1502 2450; x_wconf 91' lang='lat' dir='ltr'>non</span> <span class='ocrx_word' id='word_1_160' title='bbox 1527 2386 1585 2451; x_wconf 92' lang='lat' dir='ltr'>sol-</span> 
     </span>
     <span class='ocr_line' id='line_1_19' title="bbox 397 2491 1586 2579; baseline 0.002 -25"><span class='ocrx_word' id='word_1_161' title='bbox 397 2492 530 2569; x_wconf 88' lang='lat' dir='ltr'>uendo,¹</span> <span class='ocrx_word' id='word_1_162' title='bbox 559 2492 636 2555; x_wconf 92' lang='lat' dir='ltr'>mihi</span> <span class='ocrx_word' id='word_1_163' title='bbox 665 2500 774 2556; x_wconf 88' lang='lat' dir='ltr'>tamen</span> <span class='ocrx_word' id='word_1_164' title='bbox 796 2514 831 2556; x_wconf 92' lang='lat' dir='ltr'>es</span> <span class='ocrx_word' id='word_1_165' title='bbox 853 2514 1010 2579; x_wconf 89' lang='lat' dir='ltr'>perquam</span> <span class='ocrx_word' id='word_1_166' title='bbox 1035 2492 1213 2578; x_wconf 89' lang='lat' dir='ltr'>opulentus.</span> <span class='ocrx_word' id='word_1_167' title='bbox 1259 2493 1362 2556; x_wconf 89' lang='lat' dir='ltr'>Venio</span> <span class='ocrx_word' id='word_1_168' title='bbox 1385 2492 1517 2556; x_wconf 90' lang='lat' dir='ltr'>tandem</span> <span class='ocrx_word' id='word_1_169' title='bbox 1543 2491 1586 2556; x_wconf 91' lang='lat' dir='ltr'>ad</span> 
     </span>
     <span class='ocr_line' id='line_1_20' title="bbox 398 2595 1585 2684; baseline 0.003 -28"><span class='ocrx_word' id='word_1_170' title='bbox 398 2597 553 2677; x_wconf 82' lang='grc' dir='ltr'>ἀντίδωρον,</span> <span class='ocrx_word' id='word_1_171' title='bbox 578 2618 641 2681; x_wconf 94' lang='lat' dir='ltr'>quo</span> <span class='ocrx_word' id='word_1_172' title='bbox 663 2618 715 2661; x_wconf 91' lang='lat' dir='ltr'>me</span> <span class='ocrx_word' id='word_1_173' title='bbox 739 2596 878 2679; x_wconf 82' lang='lat' dir='ltr'>donasti3</span> <span class='ocrx_word' id='word_1_174' title='bbox 909 2619 993 2675; x_wconf 88' lang='lat' dir='ltr'>nam,</span> <span class='ocrx_word' id='word_1_175' title='bbox 1022 2606 1058 2661; x_wconf 91' lang='lat' dir='ltr'>ut</span> <span class='ocrx_word' id='word_1_176' title='bbox 1086 2599 1155 2684; x_wconf 90' lang='lat' dir='ltr'>ipse</span> <span class='ocrx_word' id='word_1_177' title='bbox 1186 2599 1312 2661; x_wconf 83' lang='lat' dir='ltr'>testaris</span> <span class='ocrx_word' id='word_1_178' title='bbox 1342 2595 1469 2661; x_wconf 83' lang='lat' dir='ltr'>noluisti</span> <span class='ocrx_word' id='word_1_179' title='bbox 1500 2619 1585 2660; x_wconf 91' lang='lat' dir='ltr'>com-</span> 
     </span>
     <span class='ocr_line' id='line_1_21' title="bbox 398 2701 1585 2786; baseline 0 -22"><span class='ocrx_word' id='word_1_180' title='bbox 398 2701 541 2778; x_wconf 87' lang='lat' dir='ltr'>mittere,</span> <span class='ocrx_word' id='word_1_181' title='bbox 583 2710 619 2764; x_wconf 91' lang='lat' dir='ltr'>ut</span> <span class='ocrx_word' id='word_1_182' title='bbox 660 2703 757 2783; x_wconf 64' lang='lat' dir='ltr'>”espa</span> <span class='ocrx_word' id='word_1_183' title='bbox 794 2723 900 2766; x_wconf 91' lang='lat' dir='ltr'>meam</span> <span class='ocrx_word' id='word_1_184' title='bbox 938 2701 1162 2766; x_wconf 87' lang='lat' dir='ltr'>liberalitatem</span> <span class='ocrx_word' id='word_1_185' title='bbox 1197 2711 1350 2786; x_wconf 87' lang='lat' dir='ltr'>expertus</span> <span class='ocrx_word' id='word_1_186' title='bbox 1383 2701 1492 2764; x_wconf 87' lang='lat' dir='ltr'>fueris.</span> <span class='ocrx_word' id='word_1_187' title='bbox 1539 2702 1585 2764; x_wconf 90' lang='lat' dir='ltr'>Mi</span> 
     </span>
     <span class='ocr_line' id='line_1_22' title="bbox 399 2803 1584 2891; baseline -0.002 -21"><span class='ocrx_word' id='word_1_188' title='bbox 399 2803 553 2884; x_wconf 81' lang='lat' dir='ltr'>Gerarde,</span> <span class='ocrx_word' id='word_1_189' title='bbox 579 2806 702 2869; x_wconf 90' lang='lat' dir='ltr'>etiamsi</span> <span class='ocrx_word' id='word_1_190' title='bbox 725 2806 903 2871; x_wconf 89' lang='lat' dir='ltr'>cucullatus</span> <span class='ocrx_word' id='word_1_191' title='bbox 927 2829 997 2870; x_wconf 90' lang='lat' dir='ltr'>sum</span> <span class='ocrx_word' id='word_1_192' title='bbox 1019 2808 1102 2870; x_wconf 89' lang='lat' dir='ltr'>inter</span> <span class='ocrx_word' id='word_1_193' title='bbox 1125 2806 1310 2883; x_wconf 89' lang='lat' dir='ltr'>cucullatos,</span> <span class='ocrx_word' id='word_1_194' title='bbox 1343 2806 1459 2891; x_wconf 92' lang='lat' dir='ltr'>quibus</span> <span class='ocrx_word' id='word_1_195' title='bbox 1482 2806 1584 2870; x_wconf 84' lang='lat' dir='ltr'>ferme</span> 
     </span>
     <span class='ocr_line' id='line_1_23' title="bbox 398 2910 1586 2997; baseline 0 -23"><span class='ocrx_word' id='word_1_196' title='bbox 398 2910 440 2974; x_wconf 93' lang='lat' dir='ltr'>ab</span> <span class='ocrx_word' id='word_1_197' title='bbox 480 2910 628 2976; x_wconf 89' lang='lat' dir='ltr'>omnibus</span> <span class='ocrx_word' id='word_1_198' title='bbox 661 2911 812 2975; x_wconf 86' lang='lat' dir='ltr'>tribuitur</span> <span class='ocrx_word' id='word_1_199' title='bbox 840 2911 1048 2997; x_wconf 88' lang='lat' dir='ltr'>impudentia,</span> <span class='ocrx_word' id='word_1_200' title='bbox 1089 2912 1206 2976; x_wconf 90' lang='lat' dir='ltr'>rubore</span> <span class='ocrx_word' id='word_1_201' title='bbox 1236 2922 1344 2975; x_wconf 89' lang='lat' dir='ltr'>tamen</span> <span class='ocrx_word' id='word_1_202' title='bbox 1374 2910 1586 2974; x_wconf 73' lang='lat' dir='ltr'>suffundebat</span> 
     </span>
     <span class='ocr_line' id='line_1_24' title="bbox 398 3015 1585 3103; baseline -0.001 -24"><span class='ocrx_word' id='word_1_203' title='bbox 398 3015 509 3100; x_wconf 91' lang='lat' dir='ltr'>legens</span> <span class='ocrx_word' id='word_1_204' title='bbox 532 3025 588 3081; x_wconf 92' lang='lat' dir='ltr'>tua</span> <span class='ocrx_word' id='word_1_205' title='bbox 611 3017 761 3094; x_wconf 87' lang='lat' dir='ltr'>carmina,</span> <span class='ocrx_word' id='word_1_206' title='bbox 786 3040 878 3103; x_wconf 90' lang='lat' dir='ltr'>quae,</span> <span class='ocrx_word' id='word_1_207' title='bbox 904 3040 977 3081; x_wconf 87' lang='lat' dir='ltr'>oum</span> <span class='ocrx_word' id='word_1_208' title='bbox 996 3018 1054 3082; x_wconf 92' lang='lat' dir='ltr'>tibi</span> <span class='ocrx_word' id='word_1_209' title='bbox 1071 3019 1230 3096; x_wconf 84' lang='lat' dir='ltr'>sordeant,</span> <span class='ocrx_word' id='word_1_210' title='bbox 1254 3017 1331 3081; x_wconf 90' lang='lat' dir='ltr'>mihi</span> <span class='ocrx_word' id='word_1_211' title='bbox 1355 3027 1462 3081; x_wconf 88' lang='lat' dir='ltr'>tamen</span> <span class='ocrx_word' id='word_1_212' title='bbox 1486 3038 1585 3079; x_wconf 91' lang='lat' dir='ltr'>emu-</span> 
     </span>
     <span class='ocr_line' id='line_1_25' title="bbox 398 3120 1586 3207; baseline -0.001 -24"><span class='ocrx_word' id='word_1_213' title='bbox 398 3141 506 3184; x_wconf 89' lang='lat' dir='ltr'>sarum</span> <span class='ocrx_word' id='word_1_214' title='bbox 536 3120 643 3206; x_wconf 87' lang='lat' dir='ltr'>adytis</span> <span class='ocrx_word' id='word_1_215' title='bbox 674 3121 864 3207; x_wconf 88' lang='lat' dir='ltr'>deprompta</span> <span class='ocrx_word' id='word_1_216' title='bbox 892 3122 1052 3187; x_wconf 89' lang='lat' dir='ltr'>videntur.</span> <span class='ocrx_word' id='word_1_217' title='bbox 1098 3124 1220 3189; x_wconf 79' lang='lat' dir='ltr'>Verum</span> <span class='ocrx_word' id='word_1_218' title='bbox 1259 3144 1319 3206; x_wconf 91' lang='lat' dir='ltr'>ego</span> <span class='ocrx_word' id='word_1_219' title='bbox 1355 3122 1383 3185; x_wconf 91' lang='lat' dir='ltr'>is</span> <span class='ocrx_word' id='word_1_220' title='bbox 1418 3141 1483 3184; x_wconf 93' lang='lat' dir='ltr'>non</span> <span class='ocrx_word' id='word_1_221' title='bbox 1514 3143 1586 3183; x_wconf 90' lang='lat' dir='ltr'>sum</span> 
     </span>
     <span class='ocr_line' id='line_1_26' title="bbox 398 3225 1585 3310; baseline 0.001 -22"><span class='ocrx_word' id='word_1_222' title='bbox 398 3246 459 3288; x_wconf 90' lang='lat' dir='ltr'>nec</span> <span class='ocrx_word' id='word_1_223' title='bbox 483 3247 520 3289; x_wconf 90' lang='lat' dir='ltr'>eo</span> <span class='ocrx_word' id='word_1_224' title='bbox 542 3235 715 3310; x_wconf 87' lang='lat' dir='ltr'>prouectus</span> <span class='ocrx_word' id='word_1_225' title='bbox 738 3227 977 3310; x_wconf 85' lang='lat' dir='ltr'>magnitudinis,</span> <span class='ocrx_word' id='word_1_226' title='bbox 1008 3237 1044 3290; x_wconf 89' lang='lat' dir='ltr'>ut</span> <span class='ocrx_word' id='word_1_227' title='bbox 1066 3227 1224 3293; x_wconf 88' lang='lat' dir='ltr'>clarorum</span> <span class='ocrx_word' id='word_1_228' title='bbox 1246 3225 1503 3291; x_wconf 87' lang='lat' dir='ltr'>adulescentium</span> <span class='ocrx_word' id='word_1_229' title='bbox 1533 3246 1585 3289; x_wconf 90' lang='lat' dir='ltr'>en-</span> 
     </span>
     <span class='ocr_line' id='line_1_27' title="bbox 399 3329 1584 3417; baseline 0 -25"><span class='ocrx_word' id='word_1_230' title='bbox 399 3331 509 3394; x_wconf 90' lang='lat' dir='ltr'>comiis</span> <span class='ocrx_word' id='word_1_231' title='bbox 533 3330 685 3394; x_wconf 89' lang='lat' dir='ltr'>celebrer.</span> <span class='ocrx_word' id='word_1_232' title='bbox 721 3330 802 3411; x_wconf 74' lang='lat' dir='ltr'>Quis</span> <span class='ocrx_word' id='word_1_233' title='bbox 826 3331 911 3395; x_wconf 90' lang='lat' dir='ltr'>enim</span> <span class='ocrx_word' id='word_1_234' title='bbox 934 3353 993 3415; x_wconf 89' lang='lat' dir='ltr'>ego</span> <span class='ocrx_word' id='word_1_235' title='bbox 1017 3341 1072 3395; x_wconf 90' lang='lat' dir='ltr'>aut</span> <span class='ocrx_word' id='word_1_236' title='bbox 1095 3331 1172 3417; x_wconf 94' lang='lat' dir='ltr'>quid</span> <span class='ocrx_word' id='word_1_237' title='bbox 1195 3331 1276 3415; x_wconf 81' lang='lat' dir='ltr'>ego?</span> <span class='ocrx_word' id='word_1_238' title='bbox 1312 3329 1357 3394; x_wconf 90' lang='lat' dir='ltr'>At</span> <span class='ocrx_word' id='word_1_239' title='bbox 1372 3330 1433 3394; x_wconf 92' lang='lat' dir='ltr'>hoe</span> <span class='ocrx_word' id='word_1_240' title='bbox 1456 3351 1584 3415; x_wconf 90' lang='lat' dir='ltr'>quoque</span> 
     </span>
     <span class='ocr_line' id='line_1_28' title="bbox 399 3436 1585 3521; baseline -0.001 -22"><span class='ocrx_word' id='word_1_241' title='bbox 399 3436 525 3500; x_wconf 91' lang='lat' dir='ltr'>cumulo</span> <span class='ocrx_word' id='word_1_242' title='bbox 549 3436 681 3500; x_wconf 90' lang='lat' dir='ltr'>laudum</span> <span class='ocrx_word' id='word_1_243' title='bbox 703 3446 831 3500; x_wconf 90' lang='lat' dir='ltr'>tuarum</span> <span class='ocrx_word' id='word_1_244' title='bbox 854 3438 1019 3514; x_wconf 89' lang='lat' dir='ltr'>accrescit,</span> <span class='ocrx_word' id='word_1_245' title='bbox 1052 3437 1138 3521; x_wconf 91' lang='lat' dir='ltr'>quod</span> <span class='ocrx_word' id='word_1_246' title='bbox 1168 3460 1219 3501; x_wconf 89' lang='lat' dir='ltr'>res</span> <span class='ocrx_word' id='word_1_247' title='bbox 1248 3436 1343 3521; x_wconf 90' lang='lat' dir='ltr'>plane</span> <span class='ocrx_word' id='word_1_248' title='bbox 1375 3436 1465 3499; x_wconf 91' lang='lat' dir='ltr'>nihili</span> <span class='ocrx_word' id='word_1_249' title='bbox 1496 3445 1585 3498; x_wconf 91' lang='lat' dir='ltr'>tanto</span> 
     </span>
     <span class='ocr_line' id='line_1_29' title="bbox 399 3540 1585 3626; baseline 0 -24"><span class='ocrx_word' id='word_1_250' title='bbox 399 3541 578 3604; x_wconf 87' lang='lat' dir='ltr'>conuestire</span> <span class='ocrx_word' id='word_1_251' title='bbox 602 3540 710 3626; x_wconf 90' lang='lat' dir='ltr'>lepore</span> <span class='ocrx_word' id='word_1_252' title='bbox 733 3550 864 3626; x_wconf 89' lang='lat' dir='ltr'>tamque</span> <span class='ocrx_word' id='word_1_253' title='bbox 892 3540 1060 3626; x_wconf 89' lang='lat' dir='ltr'>splendide</span> <span class='ocrx_word' id='word_1_254' title='bbox 1083 3550 1221 3606; x_wconf 87' lang='lat' dir='ltr'>tractare</span> <span class='ocrx_word' id='word_1_255' title='bbox 1251 3541 1342 3605; x_wconf 90' lang='lat' dir='ltr'>nosti.</span> <span class='ocrx_word' id='word_1_256' title='bbox 1388 3540 1490 3604; x_wconf 87' lang='lat' dir='ltr'>Nobis</span> <span class='ocrx_word' id='word_1_257' title='bbox 1520 3561 1585 3603; x_wconf 91' lang='lat' dir='ltr'>non</span> 
     </span>
     <span class='ocr_line' id='line_1_30' title="bbox 399 3644 1585 3731; baseline 0 -24"><span class='ocrx_word' id='word_1_258' title='bbox 399 3645 532 3729; x_wconf 87' lang='lat' dir='ltr'>contigit</span> <span class='ocrx_word' id='word_1_259' title='bbox 552 3645 608 3709; x_wconf 92' lang='lat' dir='ltr'>illa</span> <span class='ocrx_word' id='word_1_260' title='bbox 630 3644 801 3710; x_wconf 78' lang='lat' dir='ltr'>Gerardini</span> <span class='ocrx_word' id='word_1_261' title='bbox 824 3645 975 3708; x_wconf 91' lang='lat' dir='ltr'>versificii</span> <span class='ocrx_word' id='word_1_262' title='bbox 998 3669 1083 3710; x_wconf 89' lang='lat' dir='ltr'>vena</span> <span class='ocrx_word' id='word_1_263' title='bbox 1098 3655 1194 3731; x_wconf 89' lang='lat' dir='ltr'>atque</span> <span class='ocrx_word' id='word_1_264' title='bbox 1217 3645 1289 3709; x_wconf 90' lang='lat' dir='ltr'>ideo</span> <span class='ocrx_word' id='word_1_265' title='bbox 1304 3645 1405 3709; x_wconf 86' lang='lat' dir='ltr'>veluti</span> <span class='ocrx_word' id='word_1_266' title='bbox 1421 3646 1585 3709; x_wconf 87' lang='lat' dir='ltr'>tenuitatis</span> 
     </span>
     <span class='ocr_line' id='line_1_31' title="bbox 397 3749 1585 3834; baseline 0 -22"><span class='ocrx_word' id='word_1_267' title='bbox 397 3750 546 3834; x_wconf 88' lang='lat' dir='ltr'>propriae</span> <span class='ocrx_word' id='word_1_268' title='bbox 570 3751 689 3814; x_wconf 87' lang='lat' dir='ltr'>conscii</span> <span class='ocrx_word' id='word_1_269' title='bbox 713 3751 912 3814; x_wconf 87' lang='lat' dir='ltr'>continemus</span> <span class='ocrx_word' id='word_1_270' title='bbox 942 3773 1000 3814; x_wconf 89' lang='lat' dir='ltr'>nos</span> <span class='ocrx_word' id='word_1_271' title='bbox 1029 3751 1063 3813; x_wconf 91' lang='lat' dir='ltr'>in</span> <span class='ocrx_word' id='word_1_272' title='bbox 1091 3761 1201 3814; x_wconf 89' lang='lat' dir='ltr'>nostra</span> <span class='ocrx_word' id='word_1_273' title='bbox 1230 3749 1389 3834; x_wconf 92' lang='lat' dir='ltr'>pellicula.</span> <span class='ocrx_word' id='word_1_274' title='bbox 1434 3749 1485 3813; x_wconf 90' lang='lat' dir='ltr'>Tu</span> <span class='ocrx_word' id='word_1_275' title='bbox 1507 3771 1585 3812; x_wconf 87' lang='lat' dir='ltr'>vero</span> 
     </span>
     <span class='ocr_line' id='line_1_32' title="bbox 398 3854 1585 3941; baseline -0.001 -24"><span class='ocrx_word' id='word_1_276' title='bbox 398 3875 467 3938; x_wconf 88' lang='lat' dir='ltr'>age,</span> <span class='ocrx_word' id='word_1_277' title='bbox 492 3854 578 3940; x_wconf 92' lang='lat' dir='ltr'>quod</span> <span class='ocrx_word' id='word_1_278' title='bbox 601 3857 679 3939; x_wconf 88' lang='lat' dir='ltr'>agis,</span> <span class='ocrx_word' id='word_1_279' title='bbox 704 3856 829 3939; x_wconf 89' lang='lat' dir='ltr'>dignus,</span> <span class='ocrx_word' id='word_1_280' title='bbox 854 3856 909 3941; x_wconf 91' lang='lat' dir='ltr'>qui</span> <span class='ocrx_word' id='word_1_281' title='bbox 931 3855 992 3918; x_wconf 90' lang='lat' dir='ltr'>hac</span> <span class='ocrx_word' id='word_1_282' title='bbox 1012 3865 1117 3918; x_wconf 87' lang='lat' dir='ltr'>aetate</span> <span class='ocrx_word' id='word_1_283' title='bbox 1133 3864 1226 3919; x_wconf 92' lang='lat' dir='ltr'>natus</span> <span class='ocrx_word' id='word_1_284' title='bbox 1243 3856 1295 3932; x_wconf 86' lang='lat' dir='ltr'>sis,</span> <span class='ocrx_word' id='word_1_285' title='bbox 1320 3877 1384 3940; x_wconf 90' lang='lat' dir='ltr'>qua</span> <span class='ocrx_word' id='word_1_286' title='bbox 1406 3864 1453 3919; x_wconf 93' lang='lat' dir='ltr'>tot</span> <span class='ocrx_word' id='word_1_287' title='bbox 1475 3854 1585 3918; x_wconf 81' lang='lat' dir='ltr'>eximii</span> 
     </span>
     <span class='ocr_line' id='line_1_33' title="bbox 397 3959 1584 4045; baseline -0.001 -23"><span class='ocrx_word' id='word_1_288' title='bbox 397 3959 608 4023; x_wconf 88' lang='lat' dir='ltr'>restituuntur</span> <span class='ocrx_word' id='word_1_289' title='bbox 638 3960 787 4023; x_wconf 88' lang='lat' dir='ltr'>authores</span> <span class='ocrx_word' id='word_1_290' title='bbox 810 3982 938 4045; x_wconf 91' lang='lat' dir='ltr'>quaque</span> <span class='ocrx_word' id='word_1_291' title='bbox 966 3983 1076 4024; x_wconf 90' lang='lat' dir='ltr'>omnes</span> <span class='ocrx_word' id='word_1_292' title='bbox 1102 3960 1312 4024; x_wconf 86' lang='lat' dir='ltr'>reflorescunt</span> <span class='ocrx_word' id='word_1_293' title='bbox 1334 3960 1438 4024; x_wconf 91' lang='lat' dir='ltr'>bonae</span> <span class='ocrx_word' id='word_1_294' title='bbox 1464 3959 1584 4022; x_wconf 89' lang='lat' dir='ltr'>literae.</span> 
     </span>
     <span class='ocr_line' id='line_1_34' title="bbox 397 4063 1583 4150; baseline -0.001 -23"><span class='ocrx_word' id='word_1_295' title='bbox 397 4064 564 4150; x_wconf 87' lang='lat' dir='ltr'>Torqueor</span> <span class='ocrx_word' id='word_1_296' title='bbox 600 4087 664 4128; x_wconf 90' lang='lat' dir='ltr'>non</span> <span class='ocrx_word' id='word_1_297' title='bbox 697 4065 775 4128; x_wconf 91' lang='lat' dir='ltr'>nihil</span> <span class='ocrx_word' id='word_1_298' title='bbox 808 4066 842 4128; x_wconf 92' lang='lat' dir='ltr'>in</span> <span class='ocrx_word' id='word_1_299' title='bbox 876 4065 978 4129; x_wconf 90' lang='lat' dir='ltr'>tribus</span> <span class='ocrx_word' id='word_1_300' title='bbox 1013 4065 1124 4150; x_wconf 90' lang='lat' dir='ltr'>primis</span> <span class='ocrx_word' id='word_1_301' title='bbox 1162 4063 1310 4130; x_wconf 87' lang='lat' dir='ltr'>versibus</span> <span class='ocrx_word' id='word_1_302' title='bbox 1345 4065 1495 4127; x_wconf 88' lang='lat' dir='ltr'>carminis</span> <span class='ocrx_word' id='word_1_303' title='bbox 1529 4066 1583 4127; x_wconf 93' lang='lat' dir='ltr'>tui.</span> 
     </span>
     <span class='ocr_line' id='line_1_35' title="bbox 398 4167 1585 4248; baseline -0.001 -16"><span class='ocrx_word' id='word_1_304' title='bbox 398 4168 536 4248; x_wconf 77' lang='lat' dir='ltr'>Quaeso,</span> <span class='ocrx_word' id='word_1_305' title='bbox 562 4169 588 4232; x_wconf 90' lang='lat' dir='ltr'>si</span> <span class='ocrx_word' id='word_1_306' title='bbox 612 4167 741 4234; x_wconf 91' lang='lat' dir='ltr'>dabitur</span> <span class='ocrx_word' id='word_1_307' title='bbox 764 4170 877 4246; x_wconf 89' lang='lat' dir='ltr'>ocium,</span> <span class='ocrx_word' id='word_1_308' title='bbox 910 4170 962 4233; x_wconf 87' lang='lat' dir='ltr'>fac</span> <span class='ocrx_word' id='word_1_309' title='bbox 986 4169 1037 4234; x_wconf 90' lang='lat' dir='ltr'>die</span> <span class='ocrx_word' id='word_1_310' title='bbox 1061 4171 1199 4234; x_wconf 90' lang='lat' dir='ltr'>crastino</span> <span class='ocrx_word' id='word_1_311' title='bbox 1223 4191 1281 4233; x_wconf 88' lang='lat' dir='ltr'>nos</span> <span class='ocrx_word' id='word_1_312' title='bbox 1311 4169 1450 4232; x_wconf 90' lang='lat' dir='ltr'>inuisas:</span> <span class='ocrx_word' id='word_1_313' title='bbox 1480 4167 1585 4233; x_wconf 90' lang='lat' dir='ltr'>habeo</span> 
     </span>
     <span class='ocr_line' id='line_1_36' title="bbox 398 4272 1584 4360; baseline 0 -24"><span class='ocrx_word' id='word_1_314' title='bbox 398 4274 430 4336; x_wconf 92' lang='lat' dir='ltr'>in</span> <span class='ocrx_word' id='word_1_315' title='bbox 454 4295 526 4358; x_wconf 92' lang='lat' dir='ltr'>quo,</span> <span class='ocrx_word' id='word_1_316' title='bbox 549 4275 582 4337; x_wconf 93' lang='lat' dir='ltr'>ni</span> <span class='ocrx_word' id='word_1_317' title='bbox 604 4272 705 4350; x_wconf 90' lang='lat' dir='ltr'>fallor,</span> <span class='ocrx_word' id='word_1_318' title='bbox 729 4272 806 4337; x_wconf 91' lang='lat' dir='ltr'>mihi</span> <span class='ocrx_word' id='word_1_319' title='bbox 828 4275 929 4360; x_wconf 91' lang='lat' dir='ltr'>possit</span> <span class='ocrx_word' id='word_1_320' title='bbox 952 4296 1022 4338; x_wconf 90' lang='lat' dir='ltr'>esse</span> <span class='ocrx_word' id='word_1_321' title='bbox 1045 4276 1117 4339; x_wconf 91' lang='lat' dir='ltr'>usui</span> <span class='ocrx_word' id='word_1_322' title='bbox 1140 4284 1195 4338; x_wconf 91' lang='lat' dir='ltr'>tua</span> <span class='ocrx_word' id='word_1_323' title='bbox 1218 4296 1324 4358; x_wconf 77' lang='lat' dir='ltr'>opera,</span> <span class='ocrx_word' id='word_1_324' title='bbox 1356 4272 1457 4337; x_wconf 90' lang='lat' dir='ltr'>Vides</span> <span class='ocrx_word' id='word_1_325' title='bbox 1480 4295 1584 4337; x_wconf 89' lang='lat' dir='ltr'>meam</span> 
     </span>
     <span class='ocr_line' id='line_1_37' title="bbox 399 4376 1585 4464; baseline -0.002 -22"><span class='ocrx_word' id='word_1_326' title='bbox 399 4376 635 4444; x_wconf 88' lang='lat' dir='ltr'>confidentiam.</span> <span class='ocrx_word' id='word_1_327' title='bbox 669 4377 812 4463; x_wconf 86' lang='lat' dir='ltr'>Tempus</span> <span class='ocrx_word' id='word_1_328' title='bbox 827 4387 948 4464; x_wconf 88' lang='lat' dir='ltr'>aptum,</span> <span class='ocrx_word' id='word_1_329' title='bbox 966 4381 992 4442; x_wconf 90' lang='lat' dir='ltr'>si</span> <span class='ocrx_word' id='word_1_330' title='bbox 1008 4380 1089 4444; x_wconf 90' lang='lat' dir='ltr'>forte</span> <span class='ocrx_word' id='word_1_331' title='bbox 1104 4380 1259 4464; x_wconf 88' lang='lat' dir='ltr'>requiras,</span> <span class='ocrx_word' id='word_1_332' title='bbox 1277 4380 1338 4442; x_wconf 89' lang='lat' dir='ltr'>erit</span> <span class='ocrx_word' id='word_1_333' title='bbox 1352 4379 1435 4442; x_wconf 87' lang='lat' dir='ltr'>inter</span> <span class='ocrx_word' id='word_1_334' title='bbox 1449 4380 1585 4463; x_wconf 89' lang='lat' dir='ltr'>primam</span> 
     </span>
    </p>
   </div>
   <div class='ocr_carea' id='block_1_3' title="bbox 398 4484 1585 4570">
    <p class='ocr_par' dir='ltr' id='par_1_3' title="bbox 398 4484 1585 4570">
     <span class='ocr_line' id='line_1_38' title="bbox 398 4484 1585 4570; baseline 0 -23"><span class='ocrx_word' id='word_1_335' title='bbox 398 4493 430 4548; x_wconf 88' lang='lat' dir='ltr'>et</span> <span class='ocrx_word' id='word_1_336' title='bbox 453 4484 628 4548; x_wconf 87' lang='lat' dir='ltr'>secundam</span> <span class='ocrx_word' id='word_1_337' title='bbox 650 4494 722 4570; x_wconf 89' lang='lat' dir='ltr'>post</span> <span class='ocrx_word' id='word_1_338' title='bbox 744 4485 920 4549; x_wconf 89' lang='lat' dir='ltr'>meridiem.</span> <span class='ocrx_word' id='word_1_339' title='bbox 953 4485 988 4549; x_wconf 80' lang='lat' dir='ltr'>si</span> <span class='ocrx_word' id='word_1_340' title='bbox 1011 4508 1082 4550; x_wconf 89' lang='lat' dir='ltr'>cras</span> <span class='ocrx_word' id='word_1_341' title='bbox 1105 4508 1169 4549; x_wconf 91' lang='lat' dir='ltr'>non</span> <span class='ocrx_word' id='word_1_342' title='bbox 1192 4487 1366 4562; x_wconf 88' lang='lat' dir='ltr'>vacauerit,</span> <span class='ocrx_word' id='word_1_343' title='bbox 1391 4484 1585 4569; x_wconf 88' lang='lat' dir='ltr'>permittitur</span> 
     </span>
    </p>
   </div>
   <div class='ocr_carea' id='block_1_4' title="bbox 441 4712 1050 4786">
    <p class='ocr_par' dir='ltr' id='par_1_4' title="bbox 441 4712 1050 4786">
     <span class='ocr_line' id='line_1_39' title="bbox 441 4712 1050 4786; baseline 0.007 -25"><span class='ocrx_word' id='word_1_344' title='bbox 441 4713 447 4745; x_wconf 85' lang='lat'><strong>¹</strong></span> <span class='ocrx_word' id='word_1_345' title='bbox 467 4713 492 4767; x_wconf 80' lang='lat' dir='ltr'>S.</span> <span class='ocrx_word' id='word_1_346' title='bbox 512 4712 563 4762; x_wconf 87' lang='lat' dir='ltr'>den</span> <span class='ocrx_word' id='word_1_347' title='bbox 582 4713 819 4786; x_wconf 82' lang='lat' dir='ltr'>vorhergeheudeu</span> <span class='ocrx_word' id='word_1_348' title='bbox 837 4715 913 4766; x_wconf 84' lang='lat' dir='ltr'>Brief</span> <span class='ocrx_word' id='word_1_349' title='bbox 930 4714 1006 4765; x_wconf 87' lang='lat' dir='ltr'>Anm.</span> <span class='ocrx_word' id='word_1_350' title='bbox 1027 4718 1050 4766; x_wconf 77' lang='lat'>2.</span> 
     </span>
    </p>
   </div>
   <div class='ocr_carea' id='block_1_5' title="bbox 0 0 1693 5768">
    <p class='ocr_par' dir='ltr' id='par_1_5' title="bbox 0 0 1693 5768">
     <span class='ocr_line' id='line_1_40' title="bbox 0 0 1693 5768; baseline 0 0"><span class='ocrx_word' id='word_1_351' title='bbox 0 0 1693 5768; x_wconf 95' lang='lat' dir='ltr'> </span> 
     </span>
    </p>
   </div>
  </div>
 </body>
</html>
