3372 5768
373 395 415 458 52
818 491 821 498 ἱ
891 411 1039 452 Hor-ewice.
1145 489 1146 494 Ἰ
1466 402 1559 476 [714]

374 588 490 653 lubens
513 591 618 670 mitto,
650 589 716 666 sed,
746 590 772 652 si
795 588 929 674 stipuler
951 596 1023 674 post
1045 597 1117 652 tuos
1140 611 1217 652 usus
1240 588 1346 654 denuo
1368 611 1458 654 meas
1480 589 1559 667 fieri,

376 694 503 758 confido
533 715 585 758 me
615 716 679 757 non
709 695 849 758 reiicies:
882 684 962 757 nec'
977 694 1063 757 enim
1093 694 1239 778 precario
1268 702 1325 757 aut
1358 694 1561 759 commodato

376 800 536 884 rumpitur
557 798 653 882 longa
675 799 844 884 possessio,
874 821 938 884 qua
960 799 1023 862 iam
1046 799 1113 862 fere
1135 799 1280 884 usucepi.
1326 798 1420 864 Mitto
1442 807 1560 877 autem,

377 926 457 990 quas
479 926 537 989 pro
562 912 726 968 contracto
748 912 892 988 tempore
914 904 1004 989 potui
1026 902 1212 988 praesubito
1234 905 1385 990 reperire.
1433 903 1467 968 si
1493 905 1562 968 fors

376 1008 485 1094 plures
508 1010 714 1085 occurrerint,
739 1007 856 1072 faciam
878 1017 914 1091 ut
935 1008 978 1072 ad
1000 1016 1032 1071 te
1054 1009 1253 1093 perueniant.
1282 1007 1454 1073 Caeterum
1477 1009 1563 1094 quod

377 1124 410 1177 te
432 1135 496 1177 non
519 1114 632 1190 inuiso,
663 1135 704 1176 ne
728 1112 842 1176 credas
872 1134 890 1176 e
920 1114 966 1176 tui
989 1120 1175 1198 contemptu
1198 1111 1346 1200 (quaeso)
1369 1113 1478 1178 facere
1499 1136 1562 1177 me.

378 1218 557 1282 Veritatem
572 1217 655 1282 dieo.
680 1216 786 1297 Quem
802 1218 888 1281 enim
903 1219 970 1282 iure
987 1226 1096 1303 posset
1117 1219 1277 1282 amicitiae
1300 1227 1374 1282 tuae
1395 1218 1563 1304 penitere?

379 1322 444 1386 Sed
474 1321 631 1386 hactenus
662 1343 714 1385 me
745 1323 901 1386 continuit
930 1324 1047 1407 partim
1073 1331 1168 1387 notae
1191 1322 1270 1387 mihi
1291 1323 1397 1409 pudor
1418 1324 1565 1388 inscitiae

378 1428 536 1512 propriae,
568 1427 741 1512 pertimet
764 1426 861 1490 officii
885 1426 1052 1491 cuiusdam
1075 1427 1302 1514 contemplatio
1325 1427 1465 1492 vetantis
1488 1437 1565 1492 tem-

379 1533 466 1616 poris
482 1531 524 1608 id,
551 1530 638 1616 quod
660 1531 720 1595 tibi
743 1530 847 1609 datur,
872 1553 946 1595 cum
968 1533 1107 1596 recisum
1129 1539 1198 1596 tum
1219 1532 1436 1616 negociosum,
1460 1531 1494 1595 id
1517 1542 1567 1595 est

380 1645 427 1702 tot
457 1635 570 1700 studiis
602 1635 805 1713 destinatum,
838 1637 1032 1722 intercipere
1061 1636 1134 1700 rudi
1164 1646 1197 1700 et
1226 1638 1373 1722 imperito
1408 1659 1565 1701 sermone.
1665 1651 1666 1668 ¹

380 1741 454 1805 Non
483 1742 629 1804 mentior.
673 1740 809 1804 Multam
840 1762 882 1804 ex
912 1763 964 1806 me
992 1741 1127 1805 salutem
1150 1741 1239 1805 dices
1261 1742 1304 1805 D.
1328 1740 1511 1826 Augustino
1533 1751 1566 1805 et
1666 1762 1667 1776 ¹

381 1847 423 1909 D.
449 1843 595 1909 Gerardo
618 1845 724 1923 Melie,
758 1845 883 1909 dilectis
913 1846 990 1910 mihi
1012 1847 1132 1924 amicis,
1165 1869 1301 1932 quorum
1324 1855 1431 1923 causa,
1461 1847 1567 1933 quoad

381 1972 509 2036 possem
525 1959 698 2035 praestare,
723 1973 787 2014 non
802 1951 897 2014 facile
913 1951 991 2015 mihi
1006 1973 1190 2037 pepercero.
1215 1951 1297 2015 Vale
1313 1952 1357 2015 mi
1372 1951 1415 2014 D.
1429 1951 1567 2015 Martine

382 2055 518 2119 feliciter
541 2056 569 2115 ἐν
591 2056 713 2137 χριστῷε
738 2063 769 2117 11
792 2055 931 2119 charitas
954 2065 1009 2130 tua
1031 2077 1159 2120 mecum
1181 2065 1318 2122 maneat.

469 2179 541 2257 =Aue
559 2177 619 2229 dem
638 2178 702 2228 Cod.
722 2179 786 2228 Hor.
805 2180 836 2229 A.
855 2196 880 2244 p.
901 2180 942 2228 73.

896 2406 1057 2471 XXVHI.

532 2608 709 2663 Gerendus
733 2607 862 2664 Riuius
886 2608 1126 2665 (leudenensis
1150 2623 1214 2665 suo
1237 2609 1371 2677 Lypsio
1395 2611 1425 2665 s.

455 2861 456 2864 Ἴ
488 2791 585 2857 Haud
610 2793 685 2868 seio,
717 2793 767 2854 vir
789 2793 1003 2876 integerrime,
1037 2793 1168 2878 quinam
1191 2793 1257 2870 fiat,
1288 2803 1323 2856 ut
1346 2815 1474 2879 semper
1500 2794 1572 2880 plus

385 2897 561 2962 audeamus
584 2897 682 2961 literis
705 2897 857 2962 absentes
881 2918 978 2983 quam
1000 2898 1110 2963 uerbis
1132 2907 1328 2983 praesentes,
1353 2899 1450 2964 etiam
1474 2922 1572 2985 quum

386 3002 556 3088 utrobique
579 3012 726 3066 versetur
748 3003 884 3068 eadem¹
909 3024 960 3066 res
984 3011 1016 3066 11
1038 3025 1204 3089 personae.
1227 3002 1312 3068 Nam
1334 3026 1463 3070 mecum
1479 3004 1572 3068 desti-

387 3129 498 3171 naram
520 3107 598 3184 heri,
624 3129 722 3193 quum
746 3106 833 3192 apud
854 3117 885 3170 te
902 3129 1014 3188 essem,
1039 3107 1100 3171 hoe
1116 3116 1148 3170 te
1163 3107 1220 3171 uili
1234 3107 1425 3174 munusculo
1441 3109 1570 3186 donare,

387 3234 500 3275 verum
529 3212 698 3298 impediuit
727 3233 778 3276 me
809 3211 922 3297 pudor,
954 3233 1052 3297 quem
1081 3214 1129 3275 rei
1150 3213 1293 3298 paruitas
1324 3215 1467 3291 incussit,
1499 3237 1572 3279 cum

387 3316 488 3402 probe
512 3319 660 3382 conscius
683 3338 787 3380 essem
810 3325 842 3380 te
864 3316 1039 3381 maioribus
1061 3315 1256 3380 adeundum.
1286 3316 1383 3382 Nunc
1406 3317 1493 3381 idem
1515 3319 1573 3382 tibi

387 3423 486 3487 literis
517 3423 624 3500 offero,
658 3421 770 3506 legatis
801 3420 952 3485 uidelicet
984 3421 1098 3485 fronte·
1111 3421 1305 3498 carentibus,
1338 3444 1420 3507 quae
1443 3445 1573 3507 prorsus

389 3527 565 3592 obtrudunt
587 3536 619 3591 et
643 3535 770 3610 cogrmt,
795 3535 830 3589 ut
852 3527 998 3611 recipias,
1024 3526 1110 3610 quod
1133 3547 1193 3589 nee
1216 3547 1365 3590 recusare
1389 3549 1498 3591 coram
1513 3527 1573 3592 illis

388 3642 481 3719 potes
504 3653 564 3696 nee
586 3632 728 3697 abiicere
751 3631 831 3695 uelis
854 3639 910 3694 aut
933 3630 1063 3694 debeas.
1088 3630 1161 3694 Scio
1184 3639 1301 3708 autem,
1332 3632 1398 3695 seio
1420 3632 1520 3696 multo
1542 3643 1573 3696 te

390 3739 521 3802 maiore·
539 3736 734 3814 donandum,
768 3737 824 3800 sed
847 3735 926 3800 illud
949 3737 1081 3799 sciuisse
1105 3745 1137 3798 et
1158 3737 1328 3820 agnouisse
1351 3758 1466 3820 precor
1488 3738 1573 3824 apud

391 3852 422 3905 te
453 3842 599 3919 sufficiat,
633 3843 757 3907 etiamsi
787 3864 851 3905 non
881 3849 1034 3926 sequatur
1061 3840 1191 3905 factum.
1237 3840 1307 3904 Iam
1330 3862 1394 3905 non
1417 3863 1512 3925 agam
1535 3842 1573 3906 de

390 3970 452 4010 usu
468 3948 608 4028 -xenioli3
632 3969 707 4010 nam
729 3946 763 4010 id
787 3967 1025 4031 superuacuum
1047 3955 1141 4022 11111,
1166 3944 1253 4030 quod
1275 3967 1340 4008 non
1362 3946 1499 4030 ignores,
1524 3949 1575 4010 cui

390 4052 506 4117 ualeat.
530 4052 670 4116 Tantum
693 4074 743 4115 me
768 4061 894 4137 spectes
916 4050 1072 4137 ampliora
1094 4051 1317 4129 daturientem,
1341 4059 1377 4114 ut
1393 4053 1439 4114 sic
1454 4050 1574 4137 loquar,

392 4180 456 4221 non
471 4166 528 4235 11,
560 4158 615 4243 qui
645 4157 815 4241 grandiore
846 4145 963 4240 dignus
995 4178 1075 4233 eras,
1107 4178 1171 4220 non
1195 4155 1335 4232 domum,
1367 4155 1454 4240 quod
1478 4176 1576 4219 exse

394 4263 555 4325 contemni
585 4271 735 4326 meretur.
781 4262 874 4326 Mitto
904 4260 963 4325 tibi
994 4271 1027 4324 et
1056 4259 1224 4346 epistolam
1254 4269 1351 4337 tuam,
1384 4281 1447 4344 qua
1469 4260 1577 4345 petisti

393 4367 474 4429 uerti
497 4388 623 4450 graeca,
649 4389 745 4452 quam
767 4367 876 4430 nescio
901 4387 963 4451 quo
985 4371 1081 4450 pacto
1097 4365 1216 4449 fugerit
1230 4365 1300 4428 heri
1314 4363 1460 4428 reddere.
1484 4364 1575 4441 Vale,

438 4595 444 4628 ¹
462 4594 543 4646 Wohl
561 4599 701 4645 versentur
719 4594 836 4646 eaedem.
