3372 5768
96 486 187 560 [715]
400 501 501 542 Erasmus
515 513 556 542 von
569 501 694 542 Rotterdem
708 501 753 542 und
766 500 875 542 Martinus
888 500 982 551 Lipsius.
1244 485 1285 548 53

98 677 141 738 mi
156 676 199 739 D.
217 677 368 754 Martiae,
393 687 425 740 et
448 677 581 742 obsecro
603 680 713 742 veniat
735 679 768 741 in
790 687 931 742 mentem
946 677 1005 741 tibi
1021 676 1186 742 Gerardue
1202 686 1284 754 tuus,

98 790 132 845 ut
155 781 288 866 quando
312 791 344 846 et
363 782 422 847 ubi
442 791 535 868 petes
558 783 648 847 illum
669 784 769 848 iuues.
794 783 924 869 Raptim
946 782 1099 872 postridie
1122 781 1284 852 Andreae.

200 905 260 956 Aue
278 907 338 957 dem
357 907 421 960 Ceri.
439 908 504 959 Hor.
522 906 553 957 A.
572 924 598 976 p.
619 908 659 959 74.
1087 905 1088 908 ’

628 1187 758 1252 XXIX.

1078 1269 1085 1300 t

246 1415 422 1470 Martinus
445 1413 600 1481 Lypsiue
624 1416 781 1470 Bruxell.
806 1413 960 1468 Gerar-do
984 1413 1088 1469 Riuio
1111 1413 1141 1469 S.

205 1623 415 1690 Christiferae
439 1625 571 1709 virginis
595 1624 742 1689 salutatio
762 1645 863 1709 penes
879 1632 910 1686 te
926 1622 1032 1687 adhuc
1050 1632 1107 1705 est,
1131 1625 1163 1686 ni
1179 1623 1288 1687 fallor:

101 1751 241 1814 aequum
266 1739 323 1808 est,
354 1731 475 1794 utiam
499 1751 573 1793 cum
595 1728 705 1806 fenore
728 1728 770 1792 ad
793 1750 845 1792 me
867 1727 988 1792 redeat.
1035 1727 1108 1808 Quo
1130 1736 1226 1812 pacto
1255 1727 1288 1791 id

102 1834 179 1898 fiet?
218 1835 354 1920 inquies.
392 1834 518 1898 Dicam.
556 1833 628 1897 Nisi
650 1833 820 1898 molestum
842 1841 900 1910 eet,
924 1833 1167 1922 huncquoque,
1193 1854 1288 1918 quam

102 1962 187 2004 nunc
209 1940 253 2004 ad
275 1949 308 2003 te
330 1940 429 2018 mitto,
454 1961 570 2024 graece
592 1938 728 2003 reddito.
755 1936 850 2003 Adeo
872 1938 950 2002 mihi
972 1938 1094 2024 placuit
1115 1939 1203 2022 prior
1225 1936 1287 2014 illa,

102 2053 178 2108 uta
200 2046 332 2109 nemine
355 2067 451 2130 quam
473 2067 493 2108 a
516 2043 662 2108 Gerardo
685 2043 719 2107 id
741 2043 811 2107 fieri
829 2043 941 2108 'velim
986 2042 1101 2129 Neque
1125 2042 1229 2126 exige,
1253 2050 1290 2105 ut

104 2171 233 2218 carmen
264 2151 405 2214 carmine
436 2150 564 2227 redden,
596 2151 693 2213 etiam
724 2150 749 2211 si
781 2149 815 2214 id
845 2157 876 2212 te
905 2171 1000 2235 pesse
1027 2171 1092 2213 non
1115 2147 1287 2234 ambigam,

104 2253 180 2318 mihi
201 2277 300 2341 prosa
323 2255 450 2319 sufficit.
474 2254 575 2318 Recte
598 2254 712 2332 valeto,
738 2252 884 2318 Gerarde
906 2254 1133 2318 amantissime.
1158 2252 1288 2337 Raptim

104 2380 145 2422 ex
168 2359 304 2444 collegio
326 2360 571 2424 Martinensium
594 2358 837 2424 Canonicorum.

224 2535 283 2585 Aue
346 2537 440 2601 regina
551 2535 678 2602 celorum,
730 2549 781 2586 aue
804 2535 912 2584 demina
947 2534 1112 2600 angelorum.
1208 2532 1289 2582 Salue

206 2625 295 2704 Χαῖρε
328 2623 455 2684 δέσποινα
476 2630 529 2684 τῶν
552 2625 683 2704 οὐρανῶν,
713 2625 795 2703 χαῖρε
817 2623 898 2704 κυρία
920 2627 973 2681 τῶν
996 2621 1157 2700 αἰγγέλαιν.Ι
1203 2623 1289 2701 Χαῖρε

115 2732 207 2778 sancta
243 2727 326 2790 radix,
356 2743 389 2778 ex
407 2744 461 2793 qua
482 2728 579 2778 mundo
615 2727 662 2778 lux
689 2734 730 2779 est
765 2732 830 2777 orta.
946 2726 1040 2778 Gaude
1075 2724 1192 2791 gloriosa
1209 2740 1289 2790 super

105 2817 121 2891 ἡ
152 2815 217 2894 ἁγία
248 2815 318 2896 ῥίζα,
355 2813 386 2889 ἐξ
415 2811 449 2892 ἧς
482 2819 577 2896 ια’σμῳ
610 2823 667 2896 φῶς
701 2815 887 2876 ἀνέτελλεν.2
930 2814 1060 2892 ”Aeetas
1087 2810 1183 2886 ἔνδοξα
1213 2813 1280 2893 ὑπὲρ

106 2935 195 2970 omnes
226 2921 353 2984 speciosa.
445 2919 513 2970 Vale
566 2920 646 2970 ualde
663 2920 759 2970 decora
784 2925 811 2970 et
864 2936 911 2984 pro
946 2920 1022 2969 nobis
1040 2933 1143 2984 semper
1157 2916 1289 2966 Christum

104 3008 191 3078 πάσας
236 3006 357 3088 ὡραία.3
410 3007 536 3089 Ἐῤῥωσσ
585 3010 740 3086 παγιιὸσμιε
770 3006 817 3068 καὶ
854 3005 920 3088 ὑπὲρ
943 3009 1021 3085 ἡμῶν
1074 3004 1117 3064 ἀεὶ
1153 3004 1291 3085 Χριστὸν4

123 3125 210 3161 exora.

104 3197 230 3258 δυσώπει.

568 3354 643 3420 Atta
665 3356 821 3420 ααίιιιαιίο.

225 3548 304 3600 Alma
365 3551 539 3614 redempter-ie
606 3556 698 3613 mater,
717 3566 785 3616 quae
855 3552 948 3615 peruia
1065 3548 1124 3614 celi.
1209 3549 1291 3598 Porta

207 3638 327 3717 Τρόφιμε
349 3642 394 3697 τοῦ
416 3637 575 3717 λυτρωτσϋὗ
620 3644 716 3718 μῆτερ,
753 3640 771 3712 ἡ
796 3637 987 3717 διαπαρευσίμη
1011 3641 1056 3697 τσῦ
1079 3637 1191 3717 eupatori
1217 3636 1290 3711 πύλη

107 3755 215 3791 manens
252 3745 280 3790 et
377 3742 457 3790 marie
561 3740 645 3790 stella.
700 3741 829 3790 Succurre
917 3740 1023 3790 cadenti
1144 3741 1190 3806 qui
1209 3744 1284 3790 curat

107 3829 222 3899 μένουσα
244 3826 290 3886 καὶ
312 3833 361 3904 τῆς
383 3823 525 3904 θαλάσσης
549 3827 654 3907 α’ἰστραν.
677 3828 833 3909 Βαηδρόμει
853 3826 1030 3888 ὀλισθαίνοντι
1047 3829 1107 3908 μέν,
1131 3827 1292 3908 φροντίζοντι

176 3946 284 3997 surgere
387 3930 486 3997 popule
508 3935 538 3980 tu
556 3933 753 3997 quaegenuiati
780 3931 883 3981 Natura
965 3933 1078 3982 mirante
1148 3937 1268 3981 sanctum

108 4017 136 4077 δὲ
156 4023 202 4077 τσῦ
221 4012 358 4078 ἀνιστάναι
378 4018 416 4097 τῷ
435 4016 506 4097 λαῷ.
532 4020 597 4098 σύγε
620 4023 774 4099 γεννήσασα
796 4021 900 4101 φύσεως
923 4022 1109 4096 θαυμαζοὺσης
1132 4020 1177 4078 τὸν
1193 4021 1292 4099 ἅγιόν6

148 4229 156 4262 ¹
176 4221 297 4294 ἀγγέλῶν.

147 4315 157 4349 ²
175 4309 289 4364 ἀνέτιλεν.

147 4401 157 4435 ³
175 4399 262 4468 ὡραῖα.

146 4491 156 4524 ⁴
175 4485 285 4554 Xptctov.

146 4578 157 4610 ⁵
174 4572 289 4642 λιτρωτδ.

145 4663 156 4698 ⁶
175 4658 250 4731 ἅγιον.
