3372 5768
112 547 212 621 [725]
425 559 524 601 Erasmus
539 573 579 601 von
595 560 719 602 Rotterdum
734 560 777 602 und
792 560 899 603 Martinus
913 561 1007 613 Lipsius.
1264 549 1305 612 63

114 735 188 798 des.
225 734 311 799 Nam
333 735 414 799 haec
438 759 498 813 res,
522 746 748 823 praeterquam
769 738 855 823 quod
875 740 988 803 infiniti
1009 741 1051 803 sit
1069 743 1183 826 operis,
1209 741 1307 805 homi·
1397 750 1402 762 '

114 861 196 902 nem
219 861 346 925 quoque
370 842 504 926 requirit
519 843 552 904 in
568 844 653 905 omni
670 842 846 907 studiorum
862 866 979 927 genere
996 847 1306 910 exercitatissimum.

116 945 237 1008 Valeto
267 954 299 1008 et
328 968 386 1030 pro
416 947 513 1009 animi
542 948 589 1009 tui
618 946 845 1032 aequabilitate
873 971 1031 1013 morosam
1055 949 1136 1013 forte
1166 962 1308 1015 nostram

117 1042 341 1132 garrulitatem
362 1050 439 1114 boni
461 1051 628 1115 consulito.

621 1217 807 1303 Appendix.
876 1183 881 1192 ¹

226 1346 421 1432 Quanquam
452 1347 592 1411 insolens
620 1348 705 1412 istud
733 1349 889 1413 stomachi
915 1351 962 1413 tui
984 1350 1147 1414 fastidium
1170 1374 1307 1429 nossem,

118 1463 303 1537 temperare
326 1453 403 1517 mihi
426 1476 489 1518 non
511 1455 608 1538 potui,
633 1455 710 1538 quin
733 1454 879 1539 pluribus
901 1465 1010 1520 tecum
1025 1478 1163 1539 agerem,
1187 1466 1255 1521 tum
1275 1469 1310 1522 ut

119 1558 290 1621 decretum
317 1557 394 1620 mihi
420 1557 480 1622 abs
508 1567 539 1620 te
563 1560 626 1622 iam
649 1558 771 1622 dudum
794 1559 991 1645 triumphum
1014 1583 1152 1644 agerem,
1184 1572 1252 1625 tum
1274 1573 1310 1626 ut

119 1661 254 1725 alterius
277 1661 390 1725 liturae
413 1665 579 1726 materiam
602 1662 660 1726 tibi
683 1664 882 1748 praeberem.

228 1785 283 1836 hus
301 1785 361 1836 dem
381 1785 445 1836 Cod.
464 1786 528 1836 Hor.
547 1786 578 1836 A.
597 1803 622 1852 p.
642 1789 675 1836 82
694 1787 721 1837 ff.

663 2012 771 2077 XLII.
1129 2033 1204 2083 Ende
1225 2035 1312 2084 1523.¹

359 2214 459 2270 Mart.
484 2213 636 2280 hypatus
658 2213 826 2281 Philippo
849 2215 1023 2281 Brugensi
1047 2218 1077 2270 S.

229 2398 392 2474 Peniteret
420 2419 472 2460 me
503 2397 635 2461 forsitan
666 2398 789 2461 decreti
819 2398 980 2484 triumphi,
1013 2402 1039 2461 si
1066 2401 1172 2463 minus
1198 2400 1314 2464 idoneo

123 2504 354 2567 decreuissem.
399 2501 495 2565 Nunc
520 2524 593 2565 cum
617 2501 798 2586 delegatam
820 2503 878 2566 tibi
901 2505 1101 2587 prouinciam
1122 2527 1186 2569 non
1208 2507 1314 2568 minus

123 2607 263 2672 feliciter
287 2627 383 2692 quam
406 2606 530 2671 fortiter
556 2609 655 2670 tuitus
682 2609 733 2684 sis,
765 2609 862 2671 etiam
891 2617 988 2692 atque
1019 2610 1115 2672 etiam
1145 2608 1316 2674 confirmor

123 2715 160 2776 in
199 2713 365 2776 sententia.
423 2711 707 2796 Superuaoaneum
744 2714 852 2797 itaque
890 2723 976 2776 esset
1011 2712 1142 2777 alterius
1179 2716 1315 2778 encomii

125 2840 279 2902 eampum
301 2816 435 2901 ingredi,
458 2827 629 2902 propterea
652 2817 738 2903 quod
758 2816 939 2902 triumphus
954 2817 1006 2880 hio
1021 2817 1110 2883 aliud
1125 2818 1202 2882 nihil
1219 2841 1316 2904 quam

124 2923 262 3006 insignis
286 2921 445 3007 quaedam
473 2923 513 2986 sit
543 2921 622 2986 laus.
667 2922 790 2986 Verum
820 2932 870 2985 est
898 2921 985 2986 aliud
1016 2922 1178 3008 quiddam,
1208 2923 1317 3008 quod²

125 3048 180 3090 me
202 3028 305 3111 magis
327 3028 426 3110 angit.
461 3025 611 3111 Imphoui
633 3036 674 3104 te,
698 3026 809 3104 fateor,
833 3025 908 3091 huic
928 3028 1062 3110 negocio
1082 3027 1177 3112 plane
1194 3027 1317 3092 difficili

126 3142 161 3195 et
183 3133 365 3196 inamoeno:
392 3141 427 3196 at
448 3132 597 3195 interim³
619 3132 698 3196 nihil
717 3134 851 3217 reperio,
880 3131 967 3217 quod
991 3133 1169 3218 rependere
1191 3155 1316 3218 queam.

126 3237 245 3322 Neque
267 3248 376 3301 tamen
400 3259 470 3301 sum
492 3236 575 3300 adeo
599 3237 746 3322 stupidus
769 3247 825 3301 ant
847 3239 1024 3301 communis
1048 3259 1160 3301 sensus
1188 3260 1316 3323 expers,

126 3352 165 3406 ut
188 3343 330 3408 lahorem
352 3352 418 3407 tam
441 3352 588 3428 prompte
611 3352 741 3427 tamque
765 3342 908 3406 hilariter
931 3364 1003 3407 mea
1019 3366 1116 3409 causa
1132 3355 1319 3430 susceptum

127 3470 194 3512 non
218 3449 352 3512 sentiam
375 3447 472 3531 digno
496 3446 636 3532 quodam
659 3448 801 3532 praemio
817 3449 1097 3513 remunerandum.
1142 3451 1228 3514 Nam
1244 3473 1319 3535 quo-

128 3554 190 3616 ties
213 3554 408 3630 reminiscor,
437 3575 533 3638 quam
557 3551 671 3616 crebro
699 3552 926 3637 desponderim
955 3554 1098 3617 animum
1129 3556 1319 3640 quotiesque

128 3682 149 3722 a
178 3666 292 3743 coepto
318 3643 483 3720 resilierim
511 3658 654 3740 negocio,
691 3657 841 3720 nimirum
869 3656 976 3722 taedio
1002 3659 1108 3720 victus
1135 3681 1174 3722 ao
1201 3658 1319 3722 laboris

129 3761 322 3825 intolerabili
345 3762 427 3826 mole
450 3783 589 3847 pressus,
618 3760 713 3825 facile
736 3762 891 3838 coniecto,
918 3771 1037 3846 quanto
1060 3763 1119 3826 tibi
1143 3765 1320 3827 constiterit
1382 3785 1385 3792 ·

129 3866 184 3930 hic
206 3865 306 3943 labor,
331 3865 577 3951 vehementique
601 3866 768 3930 suffundor
790 3866 922 3950 pudore,
951 3866 1037 3951 quod
1060 3867 1139 3930 nihil
1162 3878 1319 3945 occurrat,

130 3994 195 4057 quo
218 3981 306 4035 tanto
329 3971 541 4056 respondeam
569 3970 737 4035 beneficio.
783 3970 849 4035 Sed
880 3971 979 4056 quid?
1023 3971 1097 4036 Non
1127 3971 1188 4036 hoc
1219 3973 1321 4037 solum

130 4078 259 4141 nomine
288 4075 347 4141 tibi
378 4098 448 4139 sum
479 4076 660 4154 obstrietus,
696 4075 782 4161 quod
812 4099 928 4140 munus
959 4076 1020 4140 hoc
1054 4099 1105 4140 me
1139 4078 1320 4162 postulante

132 4182 322 4266 susceperis,
359 4203 471 4244 verum
504 4182 600 4244 etiam
631 4203 689 4266 pro
719 4181 918 4264 benignitate
948 4204 1070 4266 proque
1098 4180 1322 4246 beneuolentia

132 4285 286 4369 singulari
309 4284 482 4370 plurimum
506 4287 565 4350 tibi
589 4286 701 4351 debeo.
747 4285 828 4366 Quis
852 4287 937 4349 enim
961 4288 1111 4362 omnium,
1142 4308 1222 4370 quos
1245 4285 1323 4349 mihi

132 4411 230 4454 verae
253 4389 500 4454 necessitudinis
515 4389 644 4454 vinculo
665 4390 829 4475 copulauit
850 4390 1014 4454 literarum
1037 4412 1134 4466 amor,
1159 4400 1249 4454 tanta
1271 4411 1322 4453 me

176 4569 184 4601 ¹
202 4568 258 4617 rur
275 4567 347 4617 dieue
366 4567 499 4632 Datirung
516 4567 569 4632 vgl.
589 4585 613 4632 p.
633 4568 691 4630 726,
710 4565 779 4616 Note
799 4569 822 4628 ἓ,
841 4567 896 4616 und
915 4584 940 4631 p.
961 4567 1018 4628 727,
1038 4553 1109 4615 Note
1126 4569 1142 4616 4
1160 4566 1216 4616 und
1235 4567 1259 4615 6.

55 4647 58 4654 ’
176 4655 186 4689 ²
204 4655 275 4721 quod
294 4654 369 4705 fehlt.
944 4647 947 4652 ’

175 4743 186 4773 ³
203 4745 309 4800 intorto.

1132 4830 1164 4882 ὅθ
