3320 5742
79 555 173 628 [763]
293 541 300 546 .
386 567 488 608 Erasmus
501 579 542 608 von
558 568 682 609 Rotterdan
697 569 741 609 und
755 569 863 609 Martinus
877 568 973 618 Lipsius,
1219 552 1276 616 101
1327 585 1335 601 ι

81 743 301 808 beneficium:
325 745 470 834 nuncid,
496 746 582 831 quod
606 747 665 811 tibi
688 749 757 810 iure
774 771 793 810 a
809 746 903 811 nobis
927 747 1065 812 debetur
1079 753 1095 824 ¹,
1119 750 1280 834 recepisti.

80 849 153 912 Non
178 859 231 912 est
266 851 373 935 igitur,
408 873 466 914 cur
494 873 609 936 parum
640 855 842 937 opportrma²
871 854 1049 938 gratiarum
1072 855 1199 917 actione
1220 875 1279 917 nos

80 975 208 1017 oneres.
257 953 372 1040 Neque
408 958 505 1019 etiam
538 955 619 1020 adeo
654 956 801 1041 stupidus
836 978 920 1033 sum,
955 966 991 1020 ut
1024 959 1179 1040 ignorem,
1216 979 1279 1043 quo

81 1061 202 1141 animo,
241 1048 438 1145 quicquid'a
460 1069 492 1124 te
526 1070 635 1124 actum
660 1070 708 1123 est
741 1064 856 1144 egeris,
891 1061 949 1126 sed
982 1083 1043 1125 nec
1077 1071 1113 1125 tu
1145 1071 1213 1125 tam
1245 1085 1279 1126 es

82 1164 196 1228 hebeti
219 1166 359 1248 ingenio,
383 1175 419 1227 ut
440 1187 505 1228 non
528 1142 776 1242 animaduertes,
813 1165 890 1250 quid
913 1164 971 1228 tibi
995 1188 1014 1229 a
1037 1187 1088 1229 me
1113 1168 1280 1231 vicissim3
1363 1241 1365 1245 ¹

82 1268 271 1333 debeatur.4
316 1270 360 1333 Et
382 1279 499 1347 tamen,
526 1272 650 1334 etiamsi
673 1270 778 1355 pudor
800 1271 951 1351 obstaret,
982 1274 1106 1334 victum
1130 1292 1182 1334 me
1207 1293 1278 1335 esse

81 1376 226 1456 ingenue
255 1374 361 1437 fassus
393 1396 464 1437 sum
495 1383 527 1437 et
557 1395 684 1459 semper
714 1373 848 1449 fatebor.
895 1373 959 1438 Sed
988 1384 1024 1438 ut
1054 1376 1159 1453 video,
1191 1375 1278 1440 haud

83 1479 258 1541 incruenta
292 1477 351 1541 tibi
386 1478 446 1542 fuit
479 1477 560 1542 haec
593 1479 738 1556 victoria,
774 1479 944 1563 siquidem,
978 1488 1014 1543 ut
1047 1482 1116 1564 ipse
1151 1482 1279 1566 scriptis

82 1591 221 1645 testatus
246 1604 290 1660 ee,
314 1605 375 1646 nec
397 1606 475 1647 naso
498 1605 559 1646 nec
575 1583 671 1646 dente
688 1585 830 1648 caruisse
845 1583 1006 1669 Lypsium
1029 1587 1087 1646 es⁵
1109 1595 1279 1669 expertus:

81 1689 155 1763 ime,
179 1695 218 1749 ut
241 1708 317 1750 uere
348 1686 435 1772 quod
464 1709 515 1750 res
547 1697 596 1750 est
626 1687 742 1769 dicam,
774 1710 834 1752 nec
858 1687 1039 1774 tyrannidis
1074 1691 1276 1754 exercendae

83 1791 236 1855 voluntas
272 1793 400 1857 omnino
435 1791 553 1870 defuit,
590 1793 647 1856 sed
681 1815 851 1856 successus
886 1792 1031 1857 destituit
1064 1816 1130 1857 uos.
1177 1795 1277 1858 Porro

83 1905 199 1980 peetus
231 1896 312 1961 illud
341 1907 441 1975 tuum,
473 1920 534 1961 ceu
563 1920 660 1961 verae
690 1896 940 1962 necessitudinis
971 1898 1098 1962 thecam
1127 1901 1276 1983 suspicio,

85 2000 268 2078 exosculor,
293 2001 479 2085 amplector,
516 1999 677 2086 Suoquete
700 2003 937 2085 integerrime..
962 2003 1033 2066 Nec
1057 2023 1138 2087 opus
1160 2013 1218 2080 est,
1242 2012 1279 2066 ut

85 2107 130 2167 tui
153 2105 338 2190 perionium
361 2107 489 2189 faciam,
513 2106 613 2169 veluti
636 2127 751 2191 parum
774 2106 834 2171 tibi
856 2105 977 2171 fidens:
1002 2107 1081 2172 nihil
1104 2110 1190 2172 enim
1212 2129 1276 2172 non

87 2210 250 2273 iacturum
282 2219 313 2273 te
344 2212 378 2273 in
407 2231 476 2273 rem
506 2233 612 2274 meam
642 2213 726 2289 noui,
763 2213 788 2274 si
822 2211 855 2275 id
890 2214 1066 2276 necessitas
1100 2212 1278 2298 postularit.

86 2313 175 2376 Bene
201 2313 290 2421 valei
318 2315 495 2378 amicorum
527 2315 765 2380 candidissime.
810 2316 864 2380 Ex
894 2325 1003 2380 nostra
1032 2316 1147 2381 cellula
1176 2317 1278 2380 altera

87 2416 231 2504 Philippi
255 2428 287 2482 et
308 2419 434 2483 Jacobi.
480 2417 576 2482 Anno
603 2420 695 2484 1525.

188 2542 246 2592 Aus
265 2542 324 2591 dem
345 2541 408 2594 Cod.
427 2544 491 2592 Hor.
511 2543 541 2593 A.
561 2561 586 2608 p.
607 2545 655 2592 1⁴27
666 2544 683 2592 f.

611 2769 753 2834 LXXII.
1177 2794 1253 2842 1525.

87 2967 237 3022 Jacobus
262 2969 425 3032 Thomas,
450 2971 619 3035 supprior
643 2969 790 3036 collegii
814 2970 1070 3026 canonicorum
1094 2973 1276 3027 'Phronioo-

269 3075 395 3137 larum,
419 3073 573 3128 Martino
597 3073 730 3140 Lypsio
753 3076 978 3130 Bruxellensi
1003 3078 1033 3130 S.
1058 3077 1094 3132 P.

190 3259 261 3322 Etsi
294 3259 421 3342 ignotus
445 3258 504 3323 tibi
532 3262 592 3323 sim
615 3260 707 3336 facie,
741 3259 889 3347 Martinc
911 3262 1108 3338 suauissima,
1142 3264 1271 3346 egregie

87 3370 193 3426 tamen
217 3365 315 3428 animi
339 3366 385 3428 tui
408 3363 499 3427 dotes
523 3386 565 3427 cx
588 3365 730 3450 epistolis
746 3366 874 3428 Erasini
897 3370 996 3429 nostri
1011 3368 1179 3451 impressis
1196 3367 1274 3431 mihi

88 3469 272 3532 notissimae
297 3479 386 3532 sunt:
411 3491 471 3532 nec
494 3491 625 3554 possum
653 3493 716 3533 non
739 3493 856 3548 amare,
889 3492 985 3555 quem
1007 3472 1162 3536 Erasmus
1192 3482 1280 3535 amat

88 3578 153 3634 tam
186 3575 298 3637 effuse.
344 3573 484 3637 Tuilium
520 3574 560 3639 dc
594 3574 720 3658 legibus
755 3575 797 3639 ad
830 3585 862 3638 te
897 3575 981 3653 dedi,
1017 3575 1113 3640 docta
1147 3577 1278 3661 quidem

87 3697 184 3741 manu
207 3678 457 3764 patris-Iudam,
493 3679 550 3743 sed
580 3702 644 3743 non
672 3702 689 3742 e
721 3682 797 3744 satis
829 3682 985 3763 castigato
1016 3680 1195 3766 exemplari
1226 3682 1279 3745 de-

89 3783 253 3867 scriptum.
300 3783 423 3847 Verum
447 3784 522 3847 huic
554 3785 757 3848 incommodo
790 3785 885 3848 facilc
918 3784 1019 3870 (quod
1042 3787 1111 3870 ipse
1141 3784 1278 3871 legendo

89 3887 280 3974 comperies)
306 3888 471 3952 subueniri
494 3897 609 3973 potest.
657 3888 858 3954 Tusculanas
882 3891 1085 3975 quaestiones
1108 3893 1196 3976 typis
1220 3913 1274 3954 ex-

89 4011 180 4055 cusas
203 4003 368 4078 utcunque
391 4016 411 4056 a
433 3992 560 4057 mendis
584 4003 774 4079 repurgata-s
798 3994 1032 4079 deprehendes.
1061 3995 1137 4059 Fuit
1151 3994 1276 4059 Iuliano

88 4105 203 4175 nostro,
230 4121 304 4162 cum
327 4101 360 4161 in
383 4100 466 4161 viuis
490 4107 611 4182 ageret,
636 4121 711 4162 cum
735 4099 918 4163 doctissimo
941 4100 1075 4163 Erasmo
1108 4109 1198 4164 arcta
1220 4099 1273 4164 ad-

89 4201 217 4266 modum
240 4204 449 4268 familiaritas.
485 4203 656 4267 Caeterum
680 4203 791 4268 dolens
815 4204 910 4268 audio
934 4214 1006 4290 post
1029 4205 1144 4282 Leum,
1171 4204 1275 4269 Stuni-

132 4377 136 4406 ¹
156 4377 276 4430 debatur.

128 4461 138 4494 ²
155 4471 294 4530 oportuna.

128 4547 231 4603 ³Naclr
250 4553 368 4602 vicissim
387 4554 422 4602 ist
439 4570 456 4602 a
474 4569 516 4602 me
536 4553 699 4604 wicdsrholt.

128 4637 137 4668 ⁴
156 4638 305 4690 deberetur.

130 4732 139 4752 ·¹
157 4739 197 4774 ex.
