3320 5742
93 390 189 464 [181]
408 403 509 444 Erasmus
524 377 564 444 von
579 402 704 443 Rotterdam
719 400 763 442 und
777 401 884 443 Martinus
898 399 994 452 Lipsius.
1233 384 1294 448 1⁶25

93 581 184 660 Quot
216 579 318 644 hodie
351 581 512 643 cernimus
544 582 625 644 raris
656 578 830 644 admodum
861 577 1024 664 praeditos
1060 577 1207 660 dotibus,
1240 581 1295 664 qui

90 684 155 748 hac
188 708 261 748 una
293 693 418 748 retum
442 685 512 762 sibi,
543 693 612 748 tum
636 677 748 749 amicis
771 686 948 769 perniciem
971 693 1151 748 accersunt.
1198 684 1294 765 Quod

91 811 172 853 uero
198 790 393 854 Annonium
417 788 539 854 Saxoni
561 799 616 854 tuo
643 793 777 874 iungere
806 812 948 873 recusas,
979 798 1069 854 recte
1099 789 1189 852 facis.
1234 789 1295 852 Est

91 895 235 979 quidam
271 893 368 958 Otto¹
399 893 441 959 ab
472 894 634 980 aliquibus
664 894 743 957 mihi
773 893 932 973 laudatus,
966 895 1023 959 sed
1053 894 1132 980 quid
1163 895 1203 958 de
1234 893 1295 957 hoc

91 999 207 1063 dicam
233 1002 270 1063 in
293 1003 477 1085 praesentia
500 1023 565 1064 non
587 999 701 1080 habe0,
736 1000 822 1085 quod
844 1023 1010 1086 nunquam
1032 1000 1122 1065 illum
1146 1000 1293 1064 viderim.

91 1105 216 1169 Visum
250 1105 331 1169 mihi
362 1114 411 1169 est
443 1104 584 1168 scribere
614 1105 674 1169 tibi
705 1127 823 1169 nomen
846 1108 975 1187 autoris,
1006 1127 1047 1168 ne
1070 1105 1200 1168 viderer
1222 1127 1295 1168 meo

92 1208 245 1274 defuisse
264 1210 527 1297 1111111(11111);2
549 1209 609 1272 tibi
626 1210 865 1274 discutiendum
887 1209 1043 1296 relinquo,
1069 1211 1227 1294 dignusne
1244 1211 1293 1288 sit,

92 1316 151 1400 qui
184 1313 315 1379 Saxoni
345 1315 490 1379 accedat.
536 1315 637 1379 Porro
668 1314 709 1378 de
740 1315 992 1400 paraphrasibus
1024 1315 1093 1379 dixi
1124 1317 1203 1397 viro,
1240 1316 1296 1400 qui

93 1420 239 1484 alteram
277 1420 443 1505 epistolam
477 1419 555 1483 mihi
589 1418 731 1496 tradidit,
767 1443 832 1504 qua
866 1420 1025 1484 distichon
1059 1422 1174 1506 poscis,
1209 1420 1295 1506 quod

93 1523 326 1589 Theodericus
357 1523 478 1587 nullam
510 1525 574 1588 suis
605 1526 693 1609 typis
724 1525 895 1588 excuderit
916 1534 988 1610 post
1011 1525 1140 1589 Erasmi
1162 1527 1195 1589 in
1217 1523 1295 1589 Ger-

94 1631 246 1694 maniam
259 1629 447 1692 discessum.
461 1627 616 1692 Attamen
628 1637 757 1714 praeter
768 1628 848 1707 illas,
862 1652 945 1715 quae
958 1630 1017 1694 abs
1029 1639 1061 1693 te
1073 1639 1294 1712 numerantur,

94 1735 269 1819 impressit
299 1744 331 1797 et
360 1733 440 1810 illas,
473 1757 554 1819 quas
584 1735 618 1796 in
647 1744 817 1820 utramque
848 1736 890 1800 ad
914 1733 1094 1800 Corinthios
1127 1734 1296 1821 epistolam

97 1838 203 1902 edidit
227 1839 396 1903 Erasmus.
421 1837 486 1902 Sed
509 1860 605 1924 quem
628 1861 692 1903 non
715 1849 894 1904 remoretur
910 1840 996 1925 quod
1013 1840 1145 1904 scribis:
1172 1839 1295 1918 ,Habes

95 1942 150 2006 1111
170 1967 289 2008 rursus
306 1946 494 2030 scriptorem
510 1942 713 2029 praeclarum
729 1946 925 2031 minimeque
941 1945 1150 2022 Laconicum,
1176 1947 1295 2031 quippe

97 2046 276 2133 loquacem
305 2048 400 2114 simul
430 2059 462 2112 11
495 2051 658 2134 ineptum:
695 2059 726 2113 et
761 2071 829 2135 ego,
865 2050 979 2134 fateor,
1015 2053 1209 2136 scripturum
1244 2070 1296 2113 me

97 2175 209 2238 pauca
243 2176 461 2239 speraueram.
507 2153 588 2232 Scis,
621 2155 698 2240 quid
730 2177 987 2233 commemorem,
1020 2165 1053 2219 et
1075 2156 1168 2219 vides
1191 2177 1296 2240 pauca

97 2256 163 2341 1111,
188 2261 223 2322 in
249 2281 346 2344 quam
362 2259 462 2323 multa
478 2259 561 2324 bene
577 2259 760 2324 fortunante
776 2261 926 2324 Minerua
940 2261 1136 2337 transierint,
1160 2260 1297 2324 fortasse

98 2384 139 2425 ne
163 2363 220 2430 vel
245 2363 344 2427 semel
366 2387 472 2449 nugae
495 2387 586 2428 meae
602 2364 835 2430 tolerabiliores
850 2366 910 2430 tibi
926 2365 1104 2450 quamlibet
1119 2364 1298 2430 reddantur

99 2466 268 2533 breuitate
291 2491 373 2532 neue
396 2471 520 2533 inistis
544 2471 641 2534 ctiam
664 2469 841 2555 loquacitas
865 2471 992 2535 deesset
1021 2471 1186 2556 1111111113Ιι
1233 2471 1298 2552 Qui

101 2575 254 2637 consistit
289 2596 422 2658 quaeso,
457 2584 493 2638 ut
529 2599 577 2657 ea,
612 2597 694 2660 quae
728 2575 862 2641 Pallade
894 2577 1025 2661 auspice
1059 2577 1297 2661 conscripseris,

99 2699 211 2762 nugae
244 2680 308 2742 sint
336 2689 367 2742 et
388 2680 552 2765 ineptiae?
598 2679 663 2744 Sed
685 2691 760 2745 tuae
784 2703 890 2766 nugae
914 2683 998 2745 seria
1020 2690 1162 2745 tractant
1185 2690 1217 2744 11
1240 2681 1297 2744 Mi-

98 2804 204 2846 nerua
230 2793 343 2848 autore
366 2784 461 2848 docte
484 2787 621 2870 ineptire
645 2788 857 2850 conuinceris.
881 2786 921 2850 In
942 2787 1109 2872 priorum⁴
1132 2785 1298 2849 literarum

99 2887 195 2951 calce
212 2887 317 2966 iubes,
334 2898 370 2952 ut
386 2887 601 2975 Campensem
617 2900 672 2956 tuo
688 2893 817 2955 nomine
834 2891 980 2956 salutem.
1004 2891 1044 2955 Id
1059 2891 1132 2972 feci,
1159 2891 1217 2954 sed
1240 2913 1299 2976 per

98 2992 299 3076 epistolium.
329 2993 428 3058 Nulla
452 2994 581 3078 quidem
603 3017 677 3059 cum
693 2995 746 3059 illo
763 3005 811 3059 est
827 2995 1040 3078 familiaritas,
1065 2995 1122 3059 sed
1139 2995 1299 3059 duntaxat

98 3097 205 3160 semel
238 3100 273 3161 in
301 3097 454 3174 cenaculo
478 3096 727 3164 aduenientibus
750 3099 930 3185 hospitibus
954 3101 1107 3185 deputato
1132 3101 1297 3186 cumipse

97 3202 284 3284 prandium
301 3204 433 3288 sumpsi.
464 3202 587 3268 Multus
609 3213 678 3268 tum
701 3206 785 3268 inter
807 3229 865 3270 nos
888 3205 948 3270 fuit
972 3227 1076 3269 sermo
1092 3205 1140 3269 de
1162 3204 1297 3269 Nicolao

96 3303 358 3372 Buscoducensi
379 3330 452 3372 meo
476 3309 639 3395 quondam
662 3320 890 3397 praeceptore:
922 3334 1052 3397 prorsus
1079 3320 1189 3375 tamen
1211 3314 1298 3396 igno—

92 3410 233 3490 rabam,
260 3435 343 3490 eum,
369 3414 444 3476 cui⁵
465 3412 631 3499 loquebar,
656 3437 726 3479 esse
743 3412 967 3501 Campensem.
1006 3417 1086 3480 Mox
1107 3414 1165 3479 ubi
1188 3414 1298 3480 abces-

94 3517 211 3596 sisset,
245 3518 341 3583 audio
372 3542 392 3582 a
423 3522 560 3584 caeteris
590 3522 737 3585 conuiuis
768 3543 843 3584 oum
872 3522 1100 3586 Hebraearum
1130 3521 1298 3584 literarum

92 3622 291 3705 professore
313 3623 392 3687 mihi
415 3624 514 3688 fuisse
538 3624 741 3712 colloquium.
788 3625 877 3706 Quid
900 3627 1015 3704 dicam,
1045 3629 1089 3690 mi
1113 3613 1309 3690 Guilelmel'

90 3723 167 3790 Vix
204 3729 296 3814 potui
328 3751 365 3792 eo
396 3728 448 3793 dic
480 3732 637 3795 contracti
659 3731 814 3795 maeroris
837 3730 991 3795 nebulam
1015 3731 1176 3795 discutere
1200 3740 1232 3794 et
1254 3733 1299 3795 in·

90 3829 314 3896 felicissimus
337 3834 417 3897 mihi
439 3834 586 3912 videbar,
611 3838 697 3921 quod
721 3857 793 3900 sero
815 3837 911 3899 nimis
934 3836 1015 3924 mihi
1035 3837 1227 3900 innotuisset
1249 3837 1300 3898 vir

90 3933 150 3998 ille
178 3960 250 4002 non
269 3939 375 4003 minus
392 3941 522 4025 pietate,
547 3963 643 4026 quam
660 3940 840 4004 eruditione
856 3941 1032 4028 praeditus.
1055 3938 1151 4005 Nunc
1166 3940 1299 4005 tandem

90 4039 137 4103 de
165 4042 380 4122 carminibus,
406 4066 488 4130 quae
512 4047 602 4110 mitto
625 4068 740 4132 pauca.
764 4045 954 4131 Poposeisti,
977 4056 1013 4110 ut
1035 4049 1104 4132 ipse
1128 4045 1188 4110 tibi
1212 4045 1300 4109 disti·

144 4237 152 4269 ¹
175 4239 231 4288 Am
250 4237 357 4288 Raude:
376 4237 439 4289 Otto
457 4239 645 4306 Friburgensis
664 4239 725 4306 (soll
743 4239 813 4290 wohl
831 4241 938 4291 heissen
956 4240 1152 4305 Frisingensis).

139 4324 151 4358 ²
172 4342 237 4376 meo
255 4326 422 4376 irrthiimlich
439 4344 500 4385 vom
519 4329 660 4383 Schreibcr
678 4327 843 4378 wiederholt.

141 4411 305 4478 ³ineptiae.

139 4499 151 4531 ⁴
172 4497 325 4568 11111011·

141 4587 152 4620 ⁵
172 4589 303 4652 quicum?
