<?xml version="1.0" encoding="UTF-8"?>
<!DOCTYPE html PUBLIC "-//W3C//DTD XHTML 1.0 Transitional//EN"
    "http://www.w3.org/TR/xhtml1/DTD/xhtml1-transitional.dtd">
<html xmlns="http://www.w3.org/1999/xhtml" xml:lang="en" lang="en">
 <head>
  <title>
</title>
<meta http-equiv="Content-Type" content="text/html;charset=utf-8" />
  <meta name='ocr-system' content='tesseract 3.04.00' />
  <meta name='ocr-capabilities' content='ocr_page ocr_carea ocr_par ocr_line ocrx_word'/>
</head>
<body>
  <div class='ocr_page' id='page_1' title='image "./erasmusvonrotte00lipsgoog_0128.png"; bbox 0 0 3320 5742; ppageno 0'>
   <div class='ocr_carea' id='block_1_1' title="bbox 897 579 1044 620">
    <p class='ocr_par' dir='ltr' id='par_1_1' title="bbox 897 579 1044 620">
     <span class='ocr_line' id='line_1_1' title="bbox 897 579 1044 620; baseline 0 -2"><span class='ocrx_word' id='word_1_1' title='bbox 897 579 1044 620; x_wconf 69' lang='lat' dir='ltr'>Horruits.</span> 
     </span>
    </p>
   </div>
   <div class='ocr_carea' id='block_1_2' title="bbox 873 789 1529 860">
    <p class='ocr_par' dir='ltr' id='par_1_2' title="bbox 873 789 1529 860">
     <span class='ocr_line' id='line_1_2' title="bbox 873 789 1529 860; baseline 0.009 -6"><span class='ocrx_word' id='word_1_2' title='bbox 873 789 1062 854; x_wconf 87' lang='lat' dir='ltr'>LXXXVI.</span> <span class='ocrx_word' id='word_1_3' title='bbox 1343 812 1384 858; x_wconf 82' lang='lat'>25.</span> <span class='ocrx_word' id='word_1_4' title='bbox 1403 809 1529 860; x_wconf 78' lang='lat' dir='ltr'>Februar.</span> 
     </span>
    </p>
   </div>
   <div class='ocr_carea' id='block_1_3' title="bbox 560 990 1380 1058">
    <p class='ocr_par' dir='ltr' id='par_1_3' title="bbox 560 990 1380 1058">
     <span class='ocr_line' id='line_1_3' title="bbox 560 990 1380 1058; baseline 0 -12"><span class='ocrx_word' id='word_1_5' title='bbox 560 991 762 1046; x_wconf 80' lang='lat' dir='ltr'><strong>Guilelmus</strong></span> <span class='ocrx_word' id='word_1_6' title='bbox 786 991 1018 1047; x_wconf 83' lang='lat' dir='ltr'>Louaniensis</span> <span class='ocrx_word' id='word_1_7' title='bbox 1041 990 1176 1058; x_wconf 82' lang='lat' dir='ltr'>Lypsio</span> <span class='ocrx_word' id='word_1_8' title='bbox 1199 1005 1263 1046; x_wconf 85' lang='lat' dir='ltr'>suo</span> <span class='ocrx_word' id='word_1_9' title='bbox 1286 991 1316 1045; x_wconf 78' lang='lat' dir='ltr'>S.</span> <span class='ocrx_word' id='word_1_10' title='bbox 1342 992 1380 1046; x_wconf 93' lang='lat' dir='ltr'>D.</span> 
     </span>
    </p>
   </div>
   <div class='ocr_carea' id='block_1_4' title="bbox 297 1176 1567 4611">
    <p class='ocr_par' dir='ltr' id='par_1_4' title="bbox 297 1176 1567 3876">
     <span class='ocr_line' id='line_1_4' title="bbox 477 1176 1564 1262; baseline 0 -22"><span class='ocrx_word' id='word_1_11' title='bbox 477 1177 537 1240; x_wconf 82' lang='lat' dir='ltr'>Est</span> <span class='ocrx_word' id='word_1_12' title='bbox 558 1177 611 1241; x_wconf 90' lang='lat' dir='ltr'>hic</span> <span class='ocrx_word' id='word_1_13' title='bbox 637 1198 741 1261; x_wconf 84' lang='lat' dir='ltr'>nuper</span> <span class='ocrx_word' id='word_1_14' title='bbox 764 1177 894 1262; x_wconf 90' lang='lat' dir='ltr'>depicta</span> <span class='ocrx_word' id='word_1_15' title='bbox 915 1176 1048 1240; x_wconf 88' lang='lat' dir='ltr'>historia</span> <span class='ocrx_word' id='word_1_16' title='bbox 1071 1176 1292 1240; x_wconf 80' lang='lat' dir='ltr'>decollationis</span> <span class='ocrx_word' id='word_1_17' title='bbox 1324 1177 1391 1240; x_wconf 93' lang='lat' dir='ltr'>diui</span> <span class='ocrx_word' id='word_1_18' title='bbox 1413 1176 1564 1240; x_wconf 81' lang='lat' dir='ltr'><strong>Iohannis</strong></span> 
     </span>
     <span class='ocr_line' id='line_1_5' title="bbox 375 1280 1563 1366; baseline 0 -22"><span class='ocrx_word' id='word_1_19' title='bbox 375 1281 542 1366; x_wconf 81' lang='lat' dir='ltr'>Baptistae</span> <span class='ocrx_word' id='word_1_20' title='bbox 565 1283 599 1345; x_wconf 92' lang='lat' dir='ltr'>in</span> <span class='ocrx_word' id='word_1_21' title='bbox 622 1281 785 1358; x_wconf 78' lang='lat' dir='ltr'>cenaculo,</span> <span class='ocrx_word' id='word_1_22' title='bbox 811 1304 874 1366; x_wconf 90' lang='lat' dir='ltr'>quo</span> <span class='ocrx_word' id='word_1_23' title='bbox 895 1283 1062 1343; x_wconf 87' lang='lat' dir='ltr'>venientes</span> <span class='ocrx_word' id='word_1_24' title='bbox 1085 1280 1127 1345; x_wconf 87' lang='lat' dir='ltr'>ad</span> <span class='ocrx_word' id='word_1_25' title='bbox 1150 1303 1208 1344; x_wconf 90' lang='lat' dir='ltr'>nos</span> <span class='ocrx_word' id='word_1_26' title='bbox 1231 1283 1352 1344; x_wconf 90' lang='lat' dir='ltr'>amicos</span> <span class='ocrx_word' id='word_1_27' title='bbox 1375 1283 1563 1366; x_wconf 72' lang='lat' dir='ltr'>excipimur,</span> 
     </span>
     <span class='ocr_line' id='line_1_6' title="bbox 372 1385 1564 1471; baseline -0.001 -22"><span class='ocrx_word' id='word_1_28' title='bbox 372 1386 484 1449; x_wconf 87' lang='lat' dir='ltr'>relicto</span> <span class='ocrx_word' id='word_1_29' title='bbox 508 1386 568 1451; x_wconf 85' lang='lat' dir='ltr'>sub</span> <span class='ocrx_word' id='word_1_30' title='bbox 583 1388 655 1471; x_wconf 87' lang='lat' dir='ltr'>ipsa</span> <span class='ocrx_word' id='word_1_31' title='bbox 671 1385 921 1470; x_wconf 90' lang='lat' dir='ltr'>quadrangulari</span> <span class='ocrx_word' id='word_1_32' title='bbox 939 1387 1057 1470; x_wconf 89' lang='lat' dir='ltr'>spacio,</span> <span class='ocrx_word' id='word_1_33' title='bbox 1083 1387 1135 1448; x_wconf 92' lang='lat' dir='ltr'>cui</span> <span class='ocrx_word' id='word_1_34' title='bbox 1149 1407 1262 1448; x_wconf 89' lang='lat' dir='ltr'>versus</span> <span class='ocrx_word' id='word_1_35' title='bbox 1286 1385 1410 1470; x_wconf 81' lang='lat' dir='ltr'>aliquot</span> <span class='ocrx_word' id='word_1_36' title='bbox 1432 1387 1564 1450; x_wconf 81' lang='lat' dir='ltr'>inscribi</span> 
     </span>
     <span class='ocr_line' id='line_1_7' title="bbox 373 1490 1564 1576; baseline 0 -22"><span class='ocrx_word' id='word_1_37' title='bbox 373 1492 506 1576; x_wconf 85' lang='lat' dir='ltr'>possint.</span> <span class='ocrx_word' id='word_1_38' title='bbox 553 1490 587 1555; x_wconf 87' lang='lat' dir='ltr'>Si</span> <span class='ocrx_word' id='word_1_39' title='bbox 617 1490 719 1555; x_wconf 88' lang='lat' dir='ltr'>habes</span> <span class='ocrx_word' id='word_1_40' title='bbox 750 1490 911 1554; x_wconf 79' lang='lat' dir='ltr'>distichon</span> <span class='ocrx_word' id='word_1_41' title='bbox 942 1500 1062 1574; x_wconf 88' lang='lat' dir='ltr'>aptum,</span> <span class='ocrx_word' id='word_1_42' title='bbox 1095 1512 1153 1553; x_wconf 94' lang='lat' dir='ltr'>oro</span> <span class='ocrx_word' id='word_1_43' title='bbox 1184 1500 1219 1554; x_wconf 91' lang='lat' dir='ltr'>ut</span> <span class='ocrx_word' id='word_1_44' title='bbox 1248 1491 1327 1554; x_wconf 92' lang='lat' dir='ltr'>mihi</span> <span class='ocrx_word' id='word_1_45' title='bbox 1358 1493 1564 1555; x_wconf 88' lang='lat' dir='ltr'>transmittas.</span> 
     </span>
     <span class='ocr_line' id='line_1_8' title="bbox 374 1594 1565 1680; baseline -0.001 -21"><span class='ocrx_word' id='word_1_46' title='bbox 374 1594 408 1659; x_wconf 87' lang='lat' dir='ltr'>Si</span> <span class='ocrx_word' id='word_1_47' title='bbox 431 1618 496 1659; x_wconf 93' lang='lat' dir='ltr'>non</span> <span class='ocrx_word' id='word_1_48' title='bbox 518 1595 628 1672; x_wconf 87' lang='lat' dir='ltr'>habes,</span> <span class='ocrx_word' id='word_1_49' title='bbox 662 1599 782 1680; x_wconf 90' lang='lat' dir='ltr'>poteris</span> <span class='ocrx_word' id='word_1_50' title='bbox 805 1605 860 1659; x_wconf 90' lang='lat' dir='ltr'>tuo</span> <span class='ocrx_word' id='word_1_51' title='bbox 883 1596 1014 1678; x_wconf 86' lang='lat' dir='ltr'>ingenio</span> <span class='ocrx_word' id='word_1_52' title='bbox 1037 1594 1168 1679; x_wconf 88' lang='lat' dir='ltr'>aliquod</span> <span class='ocrx_word' id='word_1_53' title='bbox 1192 1596 1377 1678; x_wconf 86' lang='lat' dir='ltr'>excogitare</span> <span class='ocrx_word' id='word_1_54' title='bbox 1409 1596 1509 1680; x_wconf 89' lang='lat' dir='ltr'>idque</span> <span class='ocrx_word' id='word_1_55' title='bbox 1532 1607 1565 1658; x_wconf 91' lang='lat' dir='ltr'>ut</span> 
     </span>
     <span class='ocr_line' id='line_1_9' title="bbox 375 1699 1563 1785; baseline -0.001 -22"><span class='ocrx_word' id='word_1_56' title='bbox 375 1700 477 1764; x_wconf 89' lang='lat' dir='ltr'>facias</span> <span class='ocrx_word' id='word_1_57' title='bbox 508 1699 628 1764; x_wconf 86' lang='lat' dir='ltr'>obnixe</span> <span class='ocrx_word' id='word_1_58' title='bbox 658 1705 797 1785; x_wconf 79' lang='lat' dir='ltr'>precor.¹</span> <span class='ocrx_word' id='word_1_59' title='bbox 844 1699 941 1780; x_wconf 78' lang='lat' dir='ltr'>Quod</span> <span class='ocrx_word' id='word_1_60' title='bbox 972 1702 997 1763; x_wconf 91' lang='lat' dir='ltr'>si</span> <span class='ocrx_word' id='word_1_61' title='bbox 1028 1700 1097 1764; x_wconf 91' lang='lat' dir='ltr'>aliis</span> <span class='ocrx_word' id='word_1_62' title='bbox 1127 1701 1268 1763; x_wconf 87' lang='lat' dir='ltr'>intentus</span> <span class='ocrx_word' id='word_1_63' title='bbox 1298 1702 1368 1784; x_wconf 91' lang='lat' dir='ltr'>ipse</span> <span class='ocrx_word' id='word_1_64' title='bbox 1392 1700 1425 1764; x_wconf 95' lang='lat' dir='ltr'>id</span> <span class='ocrx_word' id='word_1_65' title='bbox 1459 1701 1563 1764; x_wconf 86' lang='lat' dir='ltr'>facere</span> 
     </span>
     <span class='ocr_line' id='line_1_10' title="bbox 374 1804 1564 1891; baseline 0.001 -24"><span class='ocrx_word' id='word_1_66' title='bbox 374 1826 515 1882; x_wconf 85' lang='lat' dir='ltr'>recusas,</span> <span class='ocrx_word' id='word_1_67' title='bbox 540 1827 600 1888; x_wconf 87' lang='lat' dir='ltr'>age</span> <span class='ocrx_word' id='word_1_68' title='bbox 624 1805 746 1881; x_wconf 88' lang='lat' dir='ltr'>saltem,</span> <span class='ocrx_word' id='word_1_69' title='bbox 770 1814 806 1868; x_wconf 91' lang='lat' dir='ltr'>ut</span> <span class='ocrx_word' id='word_1_70' title='bbox 827 1827 886 1891; x_wconf 90' lang='lat' dir='ltr'>per</span> <span class='ocrx_word' id='word_1_71' title='bbox 908 1805 1006 1869; x_wconf 90' lang='lat' dir='ltr'>alium</span> <span class='ocrx_word' id='word_1_72' title='bbox 1030 1807 1176 1890; x_wconf 88' lang='lat' dir='ltr'>quemuis</span> <span class='ocrx_word' id='word_1_73' title='bbox 1199 1806 1232 1867; x_wconf 91' lang='lat' dir='ltr'>in</span> <span class='ocrx_word' id='word_1_74' title='bbox 1254 1804 1316 1868; x_wconf 89' lang='lat' dir='ltr'>hac</span> <span class='ocrx_word' id='word_1_75' title='bbox 1339 1815 1407 1868; x_wconf 88' lang='lat' dir='ltr'>arte</span> <span class='ocrx_word' id='word_1_76' title='bbox 1428 1809 1564 1890; x_wconf 83' lang='lat' dir='ltr'>peritum</span> 
     </span>
     <span class='ocr_line' id='line_1_11' title="bbox 378 1908 1565 1996; baseline 0 -23"><span class='ocrx_word' id='word_1_77' title='bbox 378 1931 479 1973; x_wconf 91' lang='lat' dir='ltr'>unum</span> <span class='ocrx_word' id='word_1_78' title='bbox 501 1909 567 1972; x_wconf 89' lang='lat' dir='ltr'>fiat.</span> <span class='ocrx_word' id='word_1_79' title='bbox 613 1909 725 1974; x_wconf 85' lang='lat' dir='ltr'>Habes</span> <span class='ocrx_word' id='word_1_80' title='bbox 749 1911 834 1973; x_wconf 94' lang='lat' dir='ltr'>enim</span> <span class='ocrx_word' id='word_1_81' title='bbox 858 1909 937 1996; x_wconf 87' lang='lat' dir='ltr'>(non</span> <span class='ocrx_word' id='word_1_82' title='bbox 960 1908 1086 1994; x_wconf 85' lang='lat' dir='ltr'>dubito)</span> <span class='ocrx_word' id='word_1_83' title='bbox 1118 1911 1191 1972; x_wconf 90' lang='lat' dir='ltr'>istic</span> <span class='ocrx_word' id='word_1_84' title='bbox 1221 1909 1374 1994; x_wconf 83' lang='lat' dir='ltr'>plurimos</span> <span class='ocrx_word' id='word_1_85' title='bbox 1403 1910 1463 1974; x_wconf 91' lang='lat' dir='ltr'>tibi</span> <span class='ocrx_word' id='word_1_86' title='bbox 1492 1912 1565 1973; x_wconf 90' lang='lat' dir='ltr'>ami-</span> 
     </span>
     <span class='ocr_line' id='line_1_12' title="bbox 374 2013 1565 2100; baseline 0.002 -24"><span class='ocrx_word' id='word_1_87' title='bbox 374 2015 520 2076; x_wconf 87' lang='lat' dir='ltr'>cissimos</span> <span class='ocrx_word' id='word_1_88' title='bbox 543 2013 628 2076; x_wconf 90' lang='lat' dir='ltr'>hanc</span> <span class='ocrx_word' id='word_1_89' title='bbox 651 2023 753 2078; x_wconf 91' lang='lat' dir='ltr'>artem</span> <span class='ocrx_word' id='word_1_90' title='bbox 777 2013 882 2078; x_wconf 86' lang='lat' dir='ltr'>studio</span> <span class='ocrx_word' id='word_1_91' title='bbox 905 2024 938 2077; x_wconf 90' lang='lat' dir='ltr'>et</span> <span class='ocrx_word' id='word_1_92' title='bbox 960 2015 1115 2077; x_wconf 88' lang='lat' dir='ltr'>exercitio</span> <span class='ocrx_word' id='word_1_93' title='bbox 1138 2014 1335 2098; x_wconf 90' lang='lat' dir='ltr'>profitentes,</span> <span class='ocrx_word' id='word_1_94' title='bbox 1360 2017 1416 2099; x_wconf 91' lang='lat' dir='ltr'>qui</span> <span class='ocrx_word' id='word_1_95' title='bbox 1439 2024 1476 2078; x_wconf 93' lang='lat' dir='ltr'>ut</span> <span class='ocrx_word' id='word_1_96' title='bbox 1497 2037 1565 2100; x_wconf 92' lang='lat' dir='ltr'>pos-</span> 
     </span>
     <span class='ocr_line' id='line_1_13' title="bbox 375 2117 1566 2202; baseline 0.002 -22"><span class='ocrx_word' id='word_1_97' title='bbox 375 2127 450 2181; x_wconf 87' lang='lat' dir='ltr'>sunt</span> <span class='ocrx_word' id='word_1_98' title='bbox 479 2117 641 2194; x_wconf 86' lang='lat' dir='ltr'>facillime,</span> <span class='ocrx_word' id='word_1_99' title='bbox 673 2121 718 2182; x_wconf 87' lang='lat' dir='ltr'>ita</span> <span class='ocrx_word' id='word_1_100' title='bbox 750 2118 790 2182; x_wconf 93' lang='lat' dir='ltr'>ob</span> <span class='ocrx_word' id='word_1_101' title='bbox 820 2121 958 2202; x_wconf 81' lang='lat' dir='ltr'>gratiam</span> <span class='ocrx_word' id='word_1_102' title='bbox 987 2121 1034 2181; x_wconf 89' lang='lat' dir='ltr'>tui</span> <span class='ocrx_word' id='word_1_103' title='bbox 1065 2139 1162 2202; x_wconf 89' lang='lat' dir='ltr'>quam</span> <span class='ocrx_word' id='word_1_104' title='bbox 1192 2118 1403 2182; x_wconf 87' lang='lat' dir='ltr'>libentissime</span> <span class='ocrx_word' id='word_1_105' title='bbox 1436 2119 1471 2182; x_wconf 95' lang='lat' dir='ltr'>id</span> <span class='ocrx_word' id='word_1_106' title='bbox 1494 2131 1566 2182; x_wconf 90' lang='lat' dir='ltr'>sunt</span> 
     </span>
     <span class='ocr_line' id='line_1_14' title="bbox 377 2221 1565 2309; baseline 0.002 -25"><span class='ocrx_word' id='word_1_107' title='bbox 377 2221 503 2285; x_wconf 89' lang='lat' dir='ltr'>facturi.</span> <span class='ocrx_word' id='word_1_108' title='bbox 549 2222 681 2286; x_wconf 88' lang='lat' dir='ltr'>Pictura</span> <span class='ocrx_word' id='word_1_109' title='bbox 704 2225 775 2309; x_wconf 90' lang='lat' dir='ltr'>ipsa</span> <span class='ocrx_word' id='word_1_110' title='bbox 798 2223 940 2309; x_wconf 89' lang='lat' dir='ltr'>quodam</span> <span class='ocrx_word' id='word_1_111' title='bbox 970 2224 1065 2287; x_wconf 89' lang='lat' dir='ltr'>modo</span> <span class='ocrx_word' id='word_1_112' title='bbox 1089 2223 1242 2287; x_wconf 89' lang='lat' dir='ltr'>distincta</span> <span class='ocrx_word' id='word_1_113' title='bbox 1265 2233 1314 2288; x_wconf 85' lang='lat' dir='ltr'>est</span> <span class='ocrx_word' id='word_1_114' title='bbox 1336 2246 1375 2287; x_wconf 89' lang='lat' dir='ltr'>ac</span> <span class='ocrx_word' id='word_1_115' title='bbox 1398 2224 1498 2288; x_wconf 88' lang='lat' dir='ltr'>veluti</span> <span class='ocrx_word' id='word_1_116' title='bbox 1521 2225 1565 2288; x_wconf 92' lang='lat' dir='ltr'>bi·</span> 
     </span>
     <span class='ocr_line' id='line_1_15' title="bbox 378 2327 1567 2413; baseline 0.003 -25"><span class='ocrx_word' id='word_1_117' title='bbox 378 2328 506 2411; x_wconf 79' lang='lat' dir='ltr'>partita.</span> <span class='ocrx_word' id='word_1_118' title='bbox 546 2327 584 2390; x_wconf 91' lang='lat' dir='ltr'>ln</span> <span class='ocrx_word' id='word_1_119' title='bbox 606 2337 698 2412; x_wconf 89' lang='lat' dir='ltr'>parte</span> <span class='ocrx_word' id='word_1_120' title='bbox 721 2329 820 2413; x_wconf 88' lang='lat' dir='ltr'>priori</span> <span class='ocrx_word' id='word_1_121' title='bbox 838 2328 984 2391; x_wconf 81' lang='lat' dir='ltr'>carnifex</span> <span class='ocrx_word' id='word_1_122' title='bbox 1006 2329 1190 2412; x_wconf 89' lang='lat' dir='ltr'>praecisum</span> <span class='ocrx_word' id='word_1_123' title='bbox 1206 2337 1305 2413; x_wconf 89' lang='lat' dir='ltr'>caput</span> <span class='ocrx_word' id='word_1_124' title='bbox 1319 2328 1446 2413; x_wconf 89' lang='lat' dir='ltr'>puellae</span> <span class='ocrx_word' id='word_1_125' title='bbox 1470 2328 1567 2391; x_wconf 88' lang='lat' dir='ltr'>tradit</span> 
     </span>
     <span class='ocr_line' id='line_1_16' title="bbox 379 2431 1566 2517; baseline 0.001 -24"><span class='ocrx_word' id='word_1_126' title='bbox 379 2432 413 2493; x_wconf 92' lang='lat' dir='ltr'>in</span> <span class='ocrx_word' id='word_1_127' title='bbox 438 2431 536 2508; x_wconf 86' lang='lat' dir='ltr'>disco,</span> <span class='ocrx_word' id='word_1_128' title='bbox 561 2433 593 2494; x_wconf 94' lang='lat' dir='ltr'>in</span> <span class='ocrx_word' id='word_1_129' title='bbox 615 2431 717 2495; x_wconf 90' lang='lat' dir='ltr'>altera</span> <span class='ocrx_word' id='word_1_130' title='bbox 740 2440 838 2517; x_wconf 90' lang='lat' dir='ltr'>caput</span> <span class='ocrx_word' id='word_1_131' title='bbox 860 2431 902 2495; x_wconf 89' lang='lat' dir='ltr'>ab</span> <span class='ocrx_word' id='word_1_132' title='bbox 930 2436 1001 2516; x_wconf 89' lang='lat' dir='ltr'>ipsa</span> <span class='ocrx_word' id='word_1_133' title='bbox 1031 2432 1138 2517; x_wconf 91' lang='lat' dir='ltr'>puella</span> <span class='ocrx_word' id='word_1_134' title='bbox 1168 2455 1299 2496; x_wconf 83' lang='lat' dir='ltr'>mensae</span> <span class='ocrx_word' id='word_1_135' title='bbox 1330 2433 1477 2497; x_wconf 79' lang='lat' dir='ltr'>infertur.</span> <span class='ocrx_word' id='word_1_136' title='bbox 1523 2431 1566 2495; x_wconf 89' lang='lat' dir='ltr'>At</span> 
     </span>
     <span class='ocr_line' id='line_1_17' title="bbox 376 2534 1566 2622; baseline 0.002 -24"><span class='ocrx_word' id='word_1_137' title='bbox 376 2534 465 2599; x_wconf 91' lang='lat' dir='ltr'>locus</span> <span class='ocrx_word' id='word_1_138' title='bbox 488 2535 571 2599; x_wconf 82' lang='lat' dir='ltr'>infra</span> <span class='ocrx_word' id='word_1_139' title='bbox 586 2537 746 2620; x_wconf 91' lang='lat' dir='ltr'>picturam</span> <span class='ocrx_word' id='word_1_140' title='bbox 766 2536 897 2599; x_wconf 89' lang='lat' dir='ltr'>relictus</span> <span class='ocrx_word' id='word_1_141' title='bbox 913 2536 1000 2600; x_wconf 92' lang='lat' dir='ltr'>nullo</span> <span class='ocrx_word' id='word_1_142' title='bbox 1024 2539 1202 2600; x_wconf 88' lang='lat' dir='ltr'>secernitur</span> <span class='ocrx_word' id='word_1_143' title='bbox 1214 2539 1393 2601; x_wconf 88' lang='lat' dir='ltr'>&#39;interstitio</span> <span class='ocrx_word' id='word_1_144' title='bbox 1416 2559 1478 2600; x_wconf 89' lang='lat' dir='ltr'>nec</span> <span class='ocrx_word' id='word_1_145' title='bbox 1499 2537 1566 2622; x_wconf 93' lang='lat' dir='ltr'>plu·</span> 
     </span>
     <span class='ocr_line' id='line_1_18' title="bbox 376 2641 1566 2726; baseline 0.001 -23"><span class='ocrx_word' id='word_1_146' title='bbox 376 2642 460 2704; x_wconf 91' lang='lat' dir='ltr'>rium</span> <span class='ocrx_word' id='word_1_147' title='bbox 484 2663 581 2725; x_wconf 91' lang='lat' dir='ltr'>quam</span> <span class='ocrx_word' id='word_1_148' title='bbox 605 2649 743 2724; x_wconf 88' lang='lat' dir='ltr'>quatuor</span> <span class='ocrx_word' id='word_1_149' title='bbox 764 2661 918 2703; x_wconf 86' lang='lat' dir='ltr'>uersuum</span> <span class='ocrx_word' id='word_1_150' title='bbox 942 2651 991 2704; x_wconf 89' lang='lat' dir='ltr'>est</span> <span class='ocrx_word' id='word_1_151' title='bbox 1013 2664 1127 2726; x_wconf 86' lang='lat' dir='ltr'>capax.</span> <span class='ocrx_word' id='word_1_152' title='bbox 1172 2641 1247 2706; x_wconf 88' lang='lat' dir='ltr'>Non</span> <span class='ocrx_word' id='word_1_153' title='bbox 1274 2642 1354 2705; x_wconf 89' lang='lat' dir='ltr'>hacc</span> <span class='ocrx_word' id='word_1_154' title='bbox 1378 2642 1459 2718; x_wconf 93' lang='lat' dir='ltr'>dico,</span> <span class='ocrx_word' id='word_1_155' title='bbox 1492 2642 1566 2726; x_wconf 86' lang='lat' dir='ltr'>quia</span> 
     </span>
     <span class='ocr_line' id='line_1_19' title="bbox 376 2744 1564 2832; baseline -0.001 -23"><span class='ocrx_word' id='word_1_156' title='bbox 376 2755 476 2809; x_wconf 88' lang='lat' dir='ltr'>totam</span> <span class='ocrx_word' id='word_1_157' title='bbox 499 2745 572 2808; x_wconf 87' lang='lat' dir='ltr'>volo</span> <span class='ocrx_word' id='word_1_158' title='bbox 594 2744 759 2808; x_wconf 80' lang='lat' dir='ltr'>historiam</span> <span class='ocrx_word' id='word_1_159' title='bbox 776 2745 913 2810; x_wconf 88' lang='lat' dir='ltr'>disticho</span> <span class='ocrx_word' id='word_1_160' title='bbox 930 2746 1169 2830; x_wconf 88' lang='lat' dir='ltr'>comprehendi,</span> <span class='ocrx_word' id='word_1_161' title='bbox 1195 2746 1281 2831; x_wconf 90' lang='lat' dir='ltr'>quod</span> <span class='ocrx_word' id='word_1_162' title='bbox 1297 2746 1493 2832; x_wconf 86' lang='lat' dir='ltr'>impossibile</span> <span class='ocrx_word' id='word_1_163' title='bbox 1509 2758 1564 2822; x_wconf 87' lang='lat' dir='ltr'>est,</span> 
     </span>
     <span class='ocr_line' id='line_1_20' title="bbox 377 2849 1566 2936; baseline 0.002 -23"><span class='ocrx_word' id='word_1_164' title='bbox 377 2851 434 2914; x_wconf 90' lang='lat' dir='ltr'>sed</span> <span class='ocrx_word' id='word_1_165' title='bbox 468 2860 503 2913; x_wconf 91' lang='lat' dir='ltr'>ut</span> <span class='ocrx_word' id='word_1_166' title='bbox 535 2849 645 2913; x_wconf 90' lang='lat' dir='ltr'>breuis</span> <span class='ocrx_word' id='word_1_167' title='bbox 679 2852 879 2934; x_wconf 87' lang='lat' dir='ltr'>exprimatur</span> <span class='ocrx_word' id='word_1_168' title='bbox 914 2853 1072 2914; x_wconf 88' lang='lat' dir='ltr'>sententia</span> <span class='ocrx_word' id='word_1_169' title='bbox 1106 2853 1151 2914; x_wconf 88' lang='lat' dir='ltr'>rei</span> <span class='ocrx_word' id='word_1_170' title='bbox 1187 2873 1377 2935; x_wconf 80' lang='lat' dir='ltr'>congruens,</span> <span class='ocrx_word' id='word_1_171' title='bbox 1414 2873 1496 2936; x_wconf 89' lang='lat' dir='ltr'>quae</span> <span class='ocrx_word' id='word_1_172' title='bbox 1526 2853 1566 2915; x_wconf 92' lang='lat' dir='ltr'>ad</span> 
     </span>
     <span class='ocr_line' id='line_1_21' title="bbox 376 2955 1566 3040; baseline 0.002 -22"><span class='ocrx_word' id='word_1_173' title='bbox 376 2964 546 3039; x_wconf 89' lang='lat' dir='ltr'>utramque</span> <span class='ocrx_word' id='word_1_174' title='bbox 577 2965 703 3038; x_wconf 89' lang='lat' dir='ltr'>partem</span> <span class='ocrx_word' id='word_1_175' title='bbox 733 2955 855 3019; x_wconf 88' lang='lat' dir='ltr'>alludat</span> <span class='ocrx_word' id='word_1_176' title='bbox 885 2965 1066 3040; x_wconf 88' lang='lat' dir='ltr'>utrumque.</span> <span class='ocrx_word' id='word_1_177' title='bbox 1112 2956 1234 3020; x_wconf 89' lang='lat' dir='ltr'>Verum</span> <span class='ocrx_word' id='word_1_178' title='bbox 1263 2957 1325 3020; x_wconf 87' lang='lat' dir='ltr'>hac</span> <span class='ocrx_word' id='word_1_179' title='bbox 1355 2956 1397 3020; x_wconf 91' lang='lat' dir='ltr'>de</span> <span class='ocrx_word' id='word_1_180' title='bbox 1431 2979 1466 3020; x_wconf 90' lang='lat' dir='ltr'>re</span> <span class='ocrx_word' id='word_1_181' title='bbox 1504 2979 1566 3020; x_wconf 91' lang='grc'><strong>11611</strong></span> 
     </span>
     <span class='ocr_line' id='line_1_22' title="bbox 378 3058 1565 3144; baseline 0.001 -21"><span class='ocrx_word' id='word_1_182' title='bbox 378 3059 486 3123; x_wconf 88' lang='lat' dir='ltr'>multis</span> <span class='ocrx_word' id='word_1_183' title='bbox 509 3058 597 3144; x_wconf 94' lang='lat' dir='ltr'>apud</span> <span class='ocrx_word' id='word_1_184' title='bbox 620 3069 651 3122; x_wconf 91' lang='lat' dir='ltr'>te</span> <span class='ocrx_word' id='word_1_185' title='bbox 676 3081 755 3144; x_wconf 90' lang='lat' dir='ltr'>opus</span> <span class='ocrx_word' id='word_1_186' title='bbox 779 3069 827 3123; x_wconf 90' lang='lat' dir='ltr'>est</span> <span class='ocrx_word' id='word_1_187' title='bbox 842 3059 965 3123; x_wconf 89' lang='lat' dir='ltr'>verbis:</span> <span class='ocrx_word' id='word_1_188' title='bbox 994 3061 1065 3136; x_wconf 86' lang='lat' dir='ltr'>scis,</span> <span class='ocrx_word' id='word_1_189' title='bbox 1091 3061 1170 3144; x_wconf 94' lang='lat' dir='ltr'>quid</span> <span class='ocrx_word' id='word_1_190' title='bbox 1184 3083 1236 3124; x_wconf 91' lang='lat' dir='ltr'>res</span> <span class='ocrx_word' id='word_1_191' title='bbox 1252 3063 1373 3144; x_wconf 89' lang='lat' dir='ltr'>exigat.</span> <span class='ocrx_word' id='word_1_192' title='bbox 1413 3059 1446 3124; x_wconf 84' lang='lat' dir='ltr'>Si</span> <span class='ocrx_word' id='word_1_193' title='bbox 1462 3072 1565 3125; x_wconf 87' lang='lat' dir='ltr'>autem</span> 
     </span>
     <span class='ocr_line' id='line_1_23' title="bbox 297 3148 1564 3250; baseline 0 -23"><span class='ocrx_word' id='word_1_194' title='bbox 297 3206 299 3210; x_wconf 93' lang='lat'>-</span> <span class='ocrx_word' id='word_1_195' title='bbox 379 3164 465 3250; x_wconf 90' lang='lat' dir='ltr'>quod</span> <span class='ocrx_word' id='word_1_196' title='bbox 488 3164 649 3229; x_wconf 78' lang='lat' dir='ltr'>facturum</span> <span class='ocrx_word' id='word_1_197' title='bbox 681 3174 715 3227; x_wconf 88' lang='lat' dir='ltr'>te</span> <span class='ocrx_word' id='word_1_198' title='bbox 739 3187 833 3250; x_wconf 87' lang='lat' dir='ltr'>spero</span> <span class='ocrx_word' id='word_1_199' title='bbox 864 3167 1070 3250; x_wconf 85' lang='lat' dir='ltr'>praestiteris,</span> <span class='ocrx_word' id='word_1_200' title='bbox 1102 3148 1172 3229; x_wconf 82' lang='lat' dir='ltr'>rem</span> <span class='ocrx_word' id='word_1_201' title='bbox 1203 3165 1297 3230; x_wconf 90' lang='lat' dir='ltr'>nobis</span> <span class='ocrx_word' id='word_1_202' title='bbox 1327 3166 1444 3229; x_wconf 87' lang='lat' dir='ltr'>feceris</span> <span class='ocrx_word' id='word_1_203' title='bbox 1475 3166 1564 3249; x_wconf 90' lang='lat' dir='ltr'>longe</span> 
     </span>
     <span class='ocr_line' id='line_1_24' title="bbox 377 3270 1562 3356; baseline 0.003 -26"><span class='ocrx_word' id='word_1_204' title='bbox 377 3271 595 3352; x_wconf 88' lang='lat' dir='ltr'>gratissimam</span> <span class='ocrx_word' id='word_1_205' title='bbox 627 3279 659 3332; x_wconf 88' lang='lat' dir='ltr'>et</span> <span class='ocrx_word' id='word_1_206' title='bbox 689 3291 771 3354; x_wconf 88' lang='lat' dir='ltr'>quae</span> <span class='ocrx_word' id='word_1_207' title='bbox 803 3291 867 3356; x_wconf 84' lang='lat' dir='ltr'>non</span> <span class='ocrx_word' id='word_1_208' title='bbox 898 3292 996 3333; x_wconf 89' lang='lat' dir='ltr'>unam</span> <span class='ocrx_word' id='word_1_209' title='bbox 1019 3270 1097 3333; x_wconf 92' lang='lat' dir='ltr'>mihi</span> <span class='ocrx_word' id='word_1_210' title='bbox 1121 3272 1264 3354; x_wconf 87' lang='lat' dir='ltr'>paritura</span> <span class='ocrx_word' id='word_1_211' title='bbox 1294 3273 1335 3333; x_wconf 88' lang='lat' dir='ltr'>sit</span> <span class='ocrx_word' id='word_1_212' title='bbox 1356 3271 1562 3355; x_wconf 87' lang='lat' dir='ltr'>voluptatem.</span> 
     </span>
     <span class='ocr_line' id='line_1_25' title="bbox 377 3373 1564 3460; baseline 0 -24"><span class='ocrx_word' id='word_1_213' title='bbox 377 3373 522 3436; x_wconf 88' lang='lat' dir='ltr'>Primum</span> <span class='ocrx_word' id='word_1_214' title='bbox 555 3376 641 3436; x_wconf 91' lang='lat' dir='ltr'>enim</span> <span class='ocrx_word' id='word_1_215' title='bbox 672 3373 801 3437; x_wconf 90' lang='lat' dir='ltr'>dulcem</span> <span class='ocrx_word' id='word_1_216' title='bbox 833 3374 911 3440; x_wconf 87' lang='lat' dir='ltr'>mihi</span> <span class='ocrx_word' id='word_1_217' title='bbox 942 3374 1109 3438; x_wconf 86' lang='lat' dir='ltr'>refricabit</span> <span class='ocrx_word' id='word_1_218' title='bbox 1138 3377 1184 3437; x_wconf 91' lang='lat' dir='ltr'>tui</span> <span class='ocrx_word' id='word_1_219' title='bbox 1216 3378 1413 3451; x_wconf 89' lang='lat' dir='ltr'>memoriam,</span> <span class='ocrx_word' id='word_1_220' title='bbox 1445 3376 1564 3460; x_wconf 87' lang='lat' dir='ltr'>quoties</span> 
     </span>
     <span class='ocr_line' id='line_1_26' title="bbox 376 3476 1565 3562; baseline 0 -22"><span class='ocrx_word' id='word_1_221' title='bbox 376 3476 456 3541; x_wconf 90' lang='lat' dir='ltr'>illud</span> <span class='ocrx_word' id='word_1_222' title='bbox 491 3480 523 3541; x_wconf 95' lang='lat' dir='ltr'>in</span> <span class='ocrx_word' id='word_1_223' title='bbox 554 3480 676 3562; x_wconf 87' lang='lat' dir='ltr'>pariete</span> <span class='ocrx_word' id='word_1_224' title='bbox 708 3478 885 3542; x_wconf 87' lang='lat' dir='ltr'>contuebor</span> <span class='ocrx_word' id='word_1_225' title='bbox 912 3488 1091 3561; x_wconf 88' lang='lat' dir='ltr'>exaratum,</span> <span class='ocrx_word' id='word_1_226' title='bbox 1123 3479 1240 3543; x_wconf 89' lang='lat' dir='ltr'>deinde</span> <span class='ocrx_word' id='word_1_227' title='bbox 1271 3502 1335 3542; x_wconf 91' lang='lat' dir='ltr'>non</span> <span class='ocrx_word' id='word_1_228' title='bbox 1365 3479 1565 3544; x_wconf 89' lang='lat' dir='ltr'>mediocriter</span> 
     </span>
     <span class='ocr_line' id='line_1_27' title="bbox 377 3575 1564 3668; baseline -0.001 -23"><span class='ocrx_word' id='word_1_229' title='bbox 377 3604 429 3645; x_wconf 92' lang='grc'><strong>1116</strong></span> <span class='ocrx_word' id='word_1_230' title='bbox 462 3582 644 3658; x_wconf 87' lang='lat' dir='ltr'>delectabit,</span> <span class='ocrx_word' id='word_1_231' title='bbox 678 3585 704 3646; x_wconf 90' lang='lat' dir='ltr'>si</span> <span class='ocrx_word' id='word_1_232' title='bbox 736 3582 865 3666; x_wconf 88' lang='lat' dir='ltr'>gloriari</span> <span class='ocrx_word' id='word_1_233' title='bbox 895 3583 991 3646; x_wconf 88' lang='lat' dir='ltr'>liceat</span> <span class='ocrx_word' id='word_1_234' title='bbox 1013 3583 1174 3668; x_wconf 84' lang='lat' dir='ltr'>Lypsium</span> <span class='ocrx_word' id='word_1_235' title='bbox 1204 3586 1237 3646; x_wconf 90' lang='lat' dir='ltr'>in</span> <span class='ocrx_word' id='word_1_236' title='bbox 1257 3575 1327 3646; x_wconf 60' lang='lat' dir='ltr'>&#39;mei</span> <span class='ocrx_word' id='word_1_237' title='bbox 1350 3585 1487 3667; x_wconf 87' lang='lat' dir='ltr'>gratiam</span> <span class='ocrx_word' id='word_1_238' title='bbox 1508 3583 1564 3646; x_wconf 89' lang='lat' dir='ltr'>hoc</span> 
     </span>
     <span class='ocr_line' id='line_1_28' title="bbox 379 3687 1565 3774; baseline 0 -24"><span class='ocrx_word' id='word_1_239' title='bbox 379 3688 554 3750; x_wconf 90' lang='lat' dir='ltr'>cecinisse:</span> <span class='ocrx_word' id='word_1_240' title='bbox 586 3687 673 3772; x_wconf 90' lang='lat' dir='ltr'>quod</span> <span class='ocrx_word' id='word_1_241' title='bbox 696 3689 723 3750; x_wconf 88' lang='lat' dir='ltr'>si</span> <span class='ocrx_word' id='word_1_242' title='bbox 745 3709 809 3750; x_wconf 93' lang='lat' dir='ltr'>non</span> <span class='ocrx_word' id='word_1_243' title='bbox 833 3687 971 3764; x_wconf 89' lang='lat' dir='ltr'>dabitur,</span> <span class='ocrx_word' id='word_1_244' title='bbox 997 3687 1110 3751; x_wconf 85' lang='lat' dir='ltr'>saltem</span> <span class='ocrx_word' id='word_1_245' title='bbox 1135 3690 1235 3774; x_wconf 89' lang='lat' dir='ltr'>ipsius</span> <span class='ocrx_word' id='word_1_246' title='bbox 1257 3711 1334 3751; x_wconf 86' lang='lat' dir='ltr'>cura</span> <span class='ocrx_word' id='word_1_247' title='bbox 1358 3697 1390 3750; x_wconf 87' lang='lat' dir='ltr'>et</span> <span class='ocrx_word' id='word_1_248' title='bbox 1406 3688 1565 3772; x_wconf 88' lang='lat' dir='ltr'>diligentia</span> 
     </span>
     <span class='ocr_line' id='line_1_29' title="bbox 377 3790 1565 3876; baseline 0 -22"><span class='ocrx_word' id='word_1_249' title='bbox 377 3795 574 3876; x_wconf 87' lang='lat' dir='ltr'>prouenisse.</span> <span class='ocrx_word' id='word_1_250' title='bbox 621 3790 694 3875; x_wconf 88' lang='lat' dir='ltr'>Age</span> <span class='ocrx_word' id='word_1_251' title='bbox 718 3814 803 3875; x_wconf 87' lang='lat' dir='ltr'>erg0,</span> <span class='ocrx_word' id='word_1_252' title='bbox 835 3794 879 3866; x_wconf 91' lang='lat' dir='ltr'>mi</span> <span class='ocrx_word' id='word_1_253' title='bbox 907 3793 1099 3856; x_wconf 88' lang='lat' dir='ltr'>amicissime</span> <span class='ocrx_word' id='word_1_254' title='bbox 1123 3793 1271 3869; x_wconf 90' lang='lat' dir='ltr'>Martine,</span> <span class='ocrx_word' id='word_1_255' title='bbox 1302 3802 1338 3855; x_wconf 90' lang='lat' dir='ltr'>ut</span> <span class='ocrx_word' id='word_1_256' title='bbox 1364 3792 1427 3856; x_wconf 88' lang='lat' dir='ltr'>hoc</span> <span class='ocrx_word' id='word_1_257' title='bbox 1458 3801 1512 3856; x_wconf 92' lang='lat' dir='ltr'>tuo</span> <span class='ocrx_word' id='word_1_258' title='bbox 1534 3794 1565 3854; x_wconf 91' lang='lat' dir='ltr'>in</span> 
     </span>
    </p>

    <p class='ocr_par' dir='ltr' id='par_1_5' title="bbox 303 3891 1567 4611">
     <span class='ocr_line' id='line_1_30' title="bbox 334 3891 1565 3982; baseline 0.002 -24"><span class='ocrx_word' id='word_1_259' title='bbox 334 3891 336 3894; x_wconf 38' lang='lat'><em>⁴</em></span> <span class='ocrx_word' id='word_1_260' title='bbox 377 3918 437 3959; x_wconf 89' lang='lat' dir='ltr'>nos</span> <span class='ocrx_word' id='word_1_261' title='bbox 461 3896 568 3960; x_wconf 89' lang='lat' dir='ltr'>officio</span> <span class='ocrx_word' id='word_1_262' title='bbox 591 3897 688 3960; x_wconf 88' lang='lat' dir='ltr'>etiam</span> <span class='ocrx_word' id='word_1_263' title='bbox 712 3895 764 3959; x_wconf 88' lang='lat' dir='ltr'>alii</span> <span class='ocrx_word' id='word_1_264' title='bbox 787 3895 967 3979; x_wconf 86' lang='lat' dir='ltr'>intelligant</span> <span class='ocrx_word' id='word_1_265' title='bbox 989 3897 1178 3960; x_wconf 89' lang='lat' dir='ltr'>nonnullum</span> <span class='ocrx_word' id='word_1_266' title='bbox 1201 3919 1252 3960; x_wconf 91' lang='lat' dir='ltr'>me</span> <span class='ocrx_word' id='word_1_267' title='bbox 1276 3897 1363 3982; x_wconf 91' lang='lat' dir='ltr'>apud</span> <span class='ocrx_word' id='word_1_268' title='bbox 1394 3906 1426 3959; x_wconf 89' lang='lat' dir='ltr'>te</span> <span class='ocrx_word' id='word_1_269' title='bbox 1449 3897 1565 3960; x_wconf 86' lang='lat' dir='ltr'>habere</span> 
     </span>
     <span class='ocr_line' id='line_1_31' title="bbox 303 3998 1563 4084; baseline 0.002 -22"><span class='ocrx_word' id='word_1_270' title='bbox 303 4031 304 4034; x_wconf 37' lang='lat'>¹</span> <span class='ocrx_word' id='word_1_271' title='bbox 378 3998 485 4063; x_wconf 90' lang='lat' dir='ltr'>locum</span> <span class='ocrx_word' id='word_1_272' title='bbox 516 4002 648 4083; x_wconf 87' lang='lat' dir='ltr'>gratiae.</span> <span class='ocrx_word' id='word_1_273' title='bbox 694 3998 768 4079; x_wconf 77' lang='lat' dir='ltr'>Qua</span> <span class='ocrx_word' id='word_1_274' title='bbox 803 4003 861 4063; x_wconf 87' lang='lat' dir='ltr'>etsi</span> <span class='ocrx_word' id='word_1_275' title='bbox 896 4001 1047 4084; x_wconf 89' lang='lat' dir='ltr'>indignus</span> <span class='ocrx_word' id='word_1_276' title='bbox 1078 4025 1158 4078; x_wconf 90' lang='lat' dir='ltr'>sum,</span> <span class='ocrx_word' id='word_1_277' title='bbox 1194 4024 1258 4066; x_wconf 93' lang='lat' dir='ltr'>non</span> <span class='ocrx_word' id='word_1_278' title='bbox 1288 4025 1343 4066; x_wconf 89' lang='grc'>616</span> <span class='ocrx_word' id='word_1_279' title='bbox 1379 4013 1489 4067; x_wconf 86' lang='lat' dir='ltr'>tamen</span> <span class='ocrx_word' id='word_1_280' title='bbox 1521 4004 1563 4064; x_wconf 91' lang='lat' dir='ltr'>in·</span> 
     </span>
     <span class='ocr_line' id='line_1_32' title="bbox 381 4104 1565 4191; baseline 0.003 -25"><span class='ocrx_word' id='word_1_281' title='bbox 381 4113 501 4188; x_wconf 88' lang='lat' dir='ltr'>gratus,</span> <span class='ocrx_word' id='word_1_282' title='bbox 528 4107 554 4167; x_wconf 93' lang='lat' dir='ltr'>si</span> <span class='ocrx_word' id='word_1_283' title='bbox 578 4104 706 4189; x_wconf 89' lang='lat' dir='ltr'>quando</span> <span class='ocrx_word' id='word_1_284' title='bbox 729 4105 871 4167; x_wconf 86' lang='lat' dir='ltr'>vicissim</span> <span class='ocrx_word' id='word_1_285' title='bbox 894 4105 1002 4190; x_wconf 88' lang='lat' dir='ltr'>aliqua</span> <span class='ocrx_word' id='word_1_286' title='bbox 1023 4109 1057 4169; x_wconf 92' lang='lat' dir='ltr'>in</span> <span class='ocrx_word' id='word_1_287' title='bbox 1079 4130 1113 4170; x_wconf 90' lang='lat' dir='ltr'>re</span> <span class='ocrx_word' id='word_1_288' title='bbox 1136 4107 1195 4172; x_wconf 90' lang='lat' dir='ltr'>tibi</span> <span class='ocrx_word' id='word_1_289' title='bbox 1227 4107 1390 4172; x_wconf 85' lang='lat' dir='ltr'>officiosus</span> <span class='ocrx_word' id='word_1_290' title='bbox 1414 4130 1484 4170; x_wconf 85' lang='lat' dir='ltr'>esse</span> <span class='ocrx_word' id='word_1_291' title='bbox 1514 4129 1565 4191; x_wconf 91' lang='lat' dir='ltr'>po·</span> 
     </span>
     <span class='ocr_line' id='line_1_33' title="bbox 379 4208 1566 4298; baseline 0.002 -28"><span class='ocrx_word' id='word_1_292' title='bbox 379 4217 456 4272; x_wconf 89' lang='lat' dir='ltr'>tero.</span> <span class='ocrx_word' id='word_1_293' title='bbox 481 4208 564 4272; x_wconf 76' lang='lat' dir='ltr'>Cum</span> <span class='ocrx_word' id='word_1_294' title='bbox 587 4218 694 4272; x_wconf 87' lang='lat' dir='ltr'>autem</span> <span class='ocrx_word' id='word_1_295' title='bbox 717 4211 892 4294; x_wconf 74' lang='lat' dir='ltr'>paraueriS,</span> <span class='ocrx_word' id='word_1_296' title='bbox 918 4211 1004 4295; x_wconf 93' lang='lat' dir='ltr'>quod</span> <span class='ocrx_word' id='word_1_297' title='bbox 1026 4212 1161 4296; x_wconf 90' lang='lat' dir='ltr'>postulo,</span> <span class='ocrx_word' id='word_1_298' title='bbox 1192 4215 1430 4298; x_wconf 85' lang='lat' dir='ltr'>quamprimum</span> <span class='ocrx_word' id='word_1_299' title='bbox 1453 4211 1566 4276; x_wconf 88' lang='lat' dir='ltr'>adme</span> 
     </span>
     <span class='ocr_line' id='line_1_34' title="bbox 379 4313 1565 4402; baseline 0.001 -26"><span class='ocrx_word' id='word_1_300' title='bbox 379 4313 517 4398; x_wconf 87' lang='lat' dir='ltr'>perferri</span> <span class='ocrx_word' id='word_1_301' title='bbox 541 4313 683 4395; x_wconf 84' lang='lat' dir='ltr'>curabis3</span> <span class='ocrx_word' id='word_1_302' title='bbox 708 4336 783 4377; x_wconf 88' lang='lat' dir='ltr'>nam</span> <span class='ocrx_word' id='word_1_303' title='bbox 806 4313 1003 4378; x_wconf 87' lang='lat' dir='ltr'>desideranti</span> <span class='ocrx_word' id='word_1_304' title='bbox 1026 4317 1133 4380; x_wconf 89' lang='lat' dir='ltr'>animo</span> <span class='ocrx_word' id='word_1_305' title='bbox 1163 4316 1242 4381; x_wconf 91' lang='lat' dir='ltr'>illud</span> <span class='ocrx_word' id='word_1_306' title='bbox 1265 4326 1413 4402; x_wconf 79' lang='lat' dir='ltr'>expecta.</span> <span class='ocrx_word' id='word_1_307' title='bbox 1460 4317 1565 4379; x_wconf 88' lang='lat' dir='ltr'>Mittes</span> 
     </span>
     <span class='ocr_line' id='line_1_35' title="bbox 379 4419 1567 4508; baseline 0.001 -27"><span class='ocrx_word' id='word_1_308' title='bbox 379 4427 487 4481; x_wconf 88' lang='lat' dir='ltr'>autem</span> <span class='ocrx_word' id='word_1_309' title='bbox 510 4441 569 4505; x_wconf 86' lang='lat' dir='ltr'>per</span> <span class='ocrx_word' id='word_1_310' title='bbox 591 4435 817 4504; x_wconf 88' lang='lat' dir='ltr'>quemcunque</span> <span class='ocrx_word' id='word_1_311' title='bbox 841 4419 930 4483; x_wconf 86' lang='lat' dir='ltr'>voles</span> <span class='ocrx_word' id='word_1_312' title='bbox 946 4430 1001 4483; x_wconf 89' lang='lat' dir='ltr'>aut</span> <span class='ocrx_word' id='word_1_313' title='bbox 1017 4421 1305 4508; x_wconf 89' lang='lat' dir='ltr'>quomodocunque</span> <span class='ocrx_word' id='word_1_314' title='bbox 1320 4423 1471 4508; x_wconf 87' lang='lat' dir='ltr'>potueris,</span> <span class='ocrx_word' id='word_1_315' title='bbox 1496 4422 1567 4506; x_wconf 86' lang='lat' dir='ltr'>quia</span> 
     </span>
     <span class='ocr_line' id='line_1_36' title="bbox 377 4523 1565 4611; baseline 0.002 -26"><span class='ocrx_word' id='word_1_316' title='bbox 377 4525 476 4607; x_wconf 89' lang='lat' dir='ltr'>priori</span> <span class='ocrx_word' id='word_1_317' title='bbox 499 4532 531 4585; x_wconf 89' lang='lat' dir='ltr'>et</span> <span class='ocrx_word' id='word_1_318' title='bbox 552 4523 706 4588; x_wconf 89' lang='lat' dir='ltr'>fratribus</span> <span class='ocrx_word' id='word_1_319' title='bbox 730 4523 901 4601; x_wconf 86' lang='lat' dir='ltr'>exhibebo,</span> <span class='ocrx_word' id='word_1_320' title='bbox 934 4547 1010 4588; x_wconf 90' lang='lat' dir='ltr'>mox</span> <span class='ocrx_word' id='word_1_321' title='bbox 1037 4525 1094 4590; x_wconf 92' lang='lat' dir='ltr'>ubi</span> <span class='ocrx_word' id='word_1_322' title='bbox 1126 4549 1290 4611; x_wconf 79' lang='lat' dir='ltr'>recepero</span> <span class='ocrx_word' id='word_1_323' title='bbox 1336 4526 1428 4590; x_wconf 89' lang='lat' dir='ltr'>Idem</span> <span class='ocrx_word' id='word_1_324' title='bbox 1459 4526 1565 4599; x_wconf 88' lang='lat' dir='ltr'>facies,</span> 
     </span>
    </p>
   </div>
   <div class='ocr_carea' id='block_1_5' title="bbox 421 4752 741 4804">
    <p class='ocr_par' dir='ltr' id='par_1_6' title="bbox 421 4752 741 4804">
     <span class='ocr_line' id='line_1_37' title="bbox 421 4752 741 4804; baseline -0.003 -1"><span class='ocrx_word' id='word_1_325' title='bbox 421 4752 488 4803; x_wconf 79' lang='lat' dir='ltr'>1&#39;0f.</span> <span class='ocrx_word' id='word_1_326' title='bbox 507 4769 546 4803; x_wconf 88' lang='lat' dir='ltr'>nr.</span> <span class='ocrx_word' id='word_1_327' title='bbox 565 4753 741 4804; x_wconf 88' lang='lat' dir='ltr'>LXXXVIII.</span> 
     </span>
    </p>
   </div>
   <div class='ocr_carea' id='block_1_6' title="bbox 0 0 1670 5732">
    <p class='ocr_par' dir='ltr' id='par_1_7' title="bbox 0 0 1670 5732">
     <span class='ocr_line' id='line_1_38' title="bbox 0 0 1670 5732; baseline 0 0"><span class='ocrx_word' id='word_1_328' title='bbox 0 0 1670 5732; x_wconf 95' lang='lat' dir='ltr'> </span> 
     </span>
    </p>
   </div>
  </div>
 </body>
</html>
