3372 5768
82 533 175 606 [ill]
386 545 488 585 Erasmus
502 557 543 586 von
557 544 681 586 Rotterdam
696 545 741 586 und
754 545 862 586 Martinus
876 546 971 596 Lipsius.

617 755 745 822 XXVI.

252 956 429 1012 Gerardus
453 957 581 1012 Riuius
605 957 849 1014 Gendanensis
873 971 936 1013 suo
959 958 1103 1025 Lypsio.

158 1126 161 1134 ¹
186 1140 309 1204 Munus
332 1139 412 1204 illud
428 1150 527 1217 tuum,
553 1140 638 1224 quod
654 1149 690 1204 tu
706 1140 895 1205 diminutiuo
910 1139 1069 1205 uocabulo
1086 1145 1272 1220 contemnis,

82 1245 158 1308 mihi
182 1266 250 1308 non
273 1244 355 1308 adeo
378 1244 441 1308 vile
465 1266 535 1308 esso
558 1244 696 1309 videtur.
743 1243 970 1309 Gratissimum
993 1246 1078 1310 enim
1101 1256 1158 1324 est,
1188 1246 1274 1331 quod

83 1348 123 1413 ab
147 1350 264 1427 amico,
288 1349 478 1434 praesertim
500 1349 556 1414 tali
571 1350 794 1434 proficiscitur,
818 1350 863 1412 ita
878 1358 913 1413 ut
928 1349 1155 1414 beneuolentia
1171 1352 1273 1435 magis

84 1454 241 1518 miraculo
265 1475 336 1517 esse
359 1454 486 1532 debeat,
511 1476 608 1539 quam
630 1455 664 1519 id
687 1454 773 1539 quod
797 1455 899 1520 datur.
923 1454 1031 1519 Tuum
1054 1464 1102 1522 est
1125 1457 1174 1519 vir
1196 1456 1273 1520 inte·

83 1560 223 1643 gerrime
255 1581 315 1644 pro
345 1568 401 1623 tua
430 1558 589 1624 modestia
615 1559 751 1638 eleuare,
783 1581 891 1624 meum
921 1568 1029 1624 autem
1058 1560 1092 1624 id
1116 1560 1202 1646 quod
1225 1570 1274 1626 est

84 1665 186 1728 fateri.
211 1665 286 1729 Hoc
310 1663 457 1750 symbolo
480 1665 623 1728 animum
645 1674 732 1728 certe
754 1674 939 1751 promptum
961 1688 1000 1730 ac
1015 1676 1164 1750 paratum
1179 1687 1273 1750 agno-

85 1791 146 1848 sco,
171 1769 333 1854 longeque
356 1769 450 1854 plura
472 1767 716 1833 daturientem.¹
761 1769 903 1834 Inuitare
926 1768 1004 1833 mihi
1026 1770 1157 1847 videris,
1184 1779 1220 1833 ut
1242 1780 1274 1833 te

85 1873 232 1938 crebrius
262 1883 342 1950 utar,
377 1874 424 1936 uti
459 1875 586 1958 saepius
621 1895 641 1937 a
673 1895 746 1937 mea
778 1867 1059 1958 paupertatic1da²
1092 1873 1272 1959 appelleris.

87 1978 201 2043 Habeo
225 1978 371 2062 gratiam,
407 1977 493 2063 quod
522 1976 605 2042 ultro
634 1978 681 2042 tui
712 1979 839 2063 copiam
868 1977 946 2041 mihi
976 1978 1074 2059 facis3
1106 1979 1156 2042 sic
1189 1979 1274 2042 enim

85 2085 279 2168 interpretor
302 2082 386 2147 hanc
410 2093 559 2146 strenam.
595 2081 760 2162 Quidni?
794 2082 1001 2147 Democritus
1023 2082 1076 2147 ille
1099 2081 1274 2147 Abderites

86 2211 126 2252 ex
149 2189 279 2252 sarcina
302 2189 443 2253 cautium
466 2198 498 2253 et
521 2198 754 2253 sarmentorum
776 2189 855 2253 scite
877 2189 912 2250 in
942 2187 1064 2251 fascem
1095 2187 1273 2273 composita

87 2304 117 2357 et
146 2304 182 2358 ut
213 2295 317 2379 inquit
351 2291 504 2371 Gellius,³
533 2294 656 2357 ratione
686 2293 826 2378 quadam
855 2294 1051 2377 geometrica
1080 2292 1197 2357 librata
1230 2293 1274 2355 in-

87 2399 217 2481 genium
248 2397 487 2482 Prothagorae⁴
522 2396 718 2463 intellexisse
752 2398 853 2462 fertur
886 2399 918 2460 in
953 2396 1099 2481 quemuis
1128 2396 1274 2461 habitum

89 2525 219 2588 sequax.
243 2503 317 2566 Hac
340 2524 400 2588 ego
423 2504 608 2567 coniectura
628 2503 768 2568 libenter
789 2512 865 2567 utor
886 2503 920 2565 in
935 2511 989 2565 tuo
1004 2502 1110 2578 xenio,
1133 2501 1274 2566 voluisse

90 2616 120 2669 te
149 2618 247 2692 atque
277 2608 383 2672 animo
415 2609 562 2691 agitasse,
596 2630 658 2692 quo
686 2617 782 2693 pacto
804 2617 895 2671 tuum
917 2607 950 2669 in
973 2628 1024 2670 me
1047 2606 1198 2670 affectum
1221 2606 1274 2670 de-

91 2712 238 2777 clarares.
262 2713 385 2777 Verum
408 2715 467 2777 isto
490 2713 570 2777 nihil
592 2723 661 2776 erat
684 2734 774 2798 opus.
821 2711 905 2776 Satis
937 2712 1022 2775 enim
1044 2713 1108 2775 iam
1132 2712 1206 2776 olim
1230 2712 1274 2776 di-

90 2816 160 2894 dici,
185 2816 284 2904 qua’m
307 2841 443 2903 syncero
466 2841 543 2903 erga
565 2840 616 2882 me
640 2819 682 2882 sis
705 2818 821 2896 animo,
850 2818 974 2881 etiamsi
1005 2817 1182 2881 officiosum
1212 2815 1273 2880 hoc

90 2921 170 2986 illius
194 2924 359 3009 specimen
383 2922 488 2987 denuo
511 2946 575 2987 non
599 2922 810 3000 exhibuisses,
834 2923 1023 3008 praesertim
1046 2943 1119 2985 cum
1135 2922 1272 3005 gratuito

64 3029 184 3092 ¹vestri
209 3027 389 3093 Aristotelis
412 3028 489 3092 mihi
520 3029 645 3114 copiam
675 3027 809 3104 faceres,
841 3026 1015 3091 etiamdum
1037 3027 1154 3110 ignoto,
1186 3025 1273 3110 quod

90 3131 194 3196 adhuc
216 3132 295 3196 mihi
319 3133 410 3197 sedet
432 3134 465 3197 in
487 3134 593 3197 animo
615 3153 721 3217 neque
744 3131 883 3208 excidet,
916 3131 993 3196 dum
1016 3153 1079 3208 ero,
1108 3130 1186 3194 dum
1208 3153 1273 3194 non

89 3259 154 3300 ero:
185 3247 254 3302 tum
284 3259 411 3302 mecum
440 3239 511 3324 ipsa
540 3239 586 3303 tui
617 3238 676 3302 sub
707 3247 809 3302 terras
840 3236 900 3301 ibit
928 3237 1068 3320 imago.⁵
1112 3233 1157 3298 At
1186 3257 1272 3299 nunc

88 3364 214 3407 rursum
243 3365 314 3428 pro.
331 3352 387 3408 tua
416 3343 599 3408 curiositate
629 3353 785 3419 metuens,
821 3363 862 3404 ne
895 3362 959 3404 non
991 3340 1168 3404 satisfacias
1198 3348 1272 3402 tuae

88 3449 274 3530 synceritati
305 3448 460 3534 solitoque
488 3448 629 3525 candori,
659 3449 754 3511 iteras
777 3446 972 3511 beneficium
995 3455 1028 3508 et
1050 3466 1111 3508 ceu
1133 3443 1273 3528 quodam

87 3552 226 3615 muneris
260 3553 414 3638 mysterio
444 3562 675 3617 commonstras
705 3550 844 3615 candore
876 3549 1057 3634 ruboreque
1087 3549 1207 3633 pariter
1239 3548 1272 3610 in

87 3678 147 3720 uno
179 3667 268 3720 texto
298 3657 459 3734 adhibitis,
491 3659 523 3720 in
555 3679 667 3720 sereno
690 3666 821 3742 pectore
846 3654 979 3719 solidam
1002 3653 1108 3717 adhuc
1131 3653 1272 3716 residere

88 3761 283 3825 charitatem.
307 3761 395 3841 Quid
418 3760 586 3824 exundans
609 3761 662 3824 ille
685 3759 805 3824 rubor?
828 3760 947 3823 Pectus
970 3757 1049 3822 illud
1064 3757 1181 3821 amoris
1197 3756 1272 3839 igne
1381 3755 1384 3764 '

87 3865 286 3929 illustratum.
312 3865 400 3946 Quid
422 3865 544 3929 lacteus
567 3865 619 3928 ille
643 3865 784 3929 candor?
807 3864 989 3927 lnfuoatam
1004 3861 1271 3935 beneuolentiam,

88 3970 163 4034 nihil
179 3969 297 4048 liuoris‚
319 3970 536 4048 simulationis,
553 3970 713 4034 mendacii
729 3991 896 4054 aspersum
912 3967 1095 4031 habentem.
1131 3963 1218 4044 Quid
1239 3963 1271 4027 li-

86 4083 254 4138 neamenta
269 4075 468 4158 nigricantis,
487 4075 659 4138 consertim
675 4074 885 4136 circumcirca
904 4094 963 4156 per
985 4070 1146 4152 margines
1169 4067 1272 4131 affusa

87 4200 144 4244 nec
160 4180 291 4244 niueum
306 4179 450 4244 alborem
465 4179 673 4264 impedientia
688 4171 748 4240 nec
765 4176 970 4241 obscurantis
991 4174 1081 4239 rubri
1103 4171 1269 4256 fulgorem,

125 4375 132 4408 ¹
151 4374 228 4424 Nach
246 4371 380 4422 δωσείοντα
396 4371 522 4438 gebildet.

124 4461 232 4511 ²W0hl
251 4460 447 4526 paupertatula,
466 4458 519 4524 vgl.
539 4458 648 4508 Hieron.
667 4458 743 4523 epist.
765 4458 822 4520 127,
843 4459 882 4506 14.

124 4549 134 4582 ³
152 4548 184 4598 N.
203 4548 234 4598 A.
253 4547 285 4598 V.
305 4549 329 4598 3.
348 4549 372 4596 4.

124 4637 133 4670 ⁸
151 4635 259 4700 Richtig
276 4635 446 4700 Protagorae.

124 4722 212 4787 ⁵Vgl.
230 4722 310 4786 Verg.
328 4720 395 4770 Aen.
413 4719 459 4770 IV.
478 4719 538 4767 654.
