3372 5768
381 543 422 606 28
902 555 1046 601 Horawitz·
1471 543 1564 617 [690]

383 733 648 798 cameracensem
674 753 738 794 una
765 753 839 794 cum
860 730 1103 814 Egmondano,¹
1147 751 1211 794 non
1237 740 1303 793 tam
1329 730 1486 794 aduersus
1510 751 1563 792 me

383 859 479 922 quam
501 836 656 901 aduersus
678 836 843 899 Luterum.
881 835 934 898 Me
958 835 1090 918 pituita²
1112 835 1253 917 graviter
1275 834 1458 898 discruciat.
1500 835 1564 898 Pro

383 941 572 1006 munusculo
590 941 725 1024 gratiam
745 939 857 1004 habeo.
903 939 954 1002 De
974 939 1120 1002 amicicia
1139 938 1217 1002 nihil
1237 948 1294 1015 est,
1319 938 1406 1024 quod
1425 939 1563 1015 dubites,

382 1048 425 1110 mi
441 1046 587 1109 Martine.
621 1045 753 1108 Utinam
775 1044 885 1107 liceret
906 1054 938 1107 te
961 1045 1074 1107 uisere.
1111 1043 1205 1108 Noua
1228 1043 1385 1128 colloquia
1407 1053 1481 1107 sunt
1504 1043 1564 1106 sub

382 1151 480 1234 prelo.
526 1151 614 1213 Bene
638 1149 718 1213 uale.

487 1274 541 1322 Aus
559 1273 618 1322 dem
638 1271 701 1322 eod.
720 1273 784 1322 Hor.
803 1273 834 1322 A.
852 1291 877 1338 p.
896 1275 938 1322 46.

917 1506 921 1514 -
944 1472 1003 1536 ΧΙ.
1478 1462 1565 1542 raso.³

500 1658 578 1711 Des.
602 1657 767 1714 Erasmus
790 1655 1044 1710 Roterodamus
1068 1655 1107 1710 D.
1131 1654 1280 1710 Martino
1305 1655 1447 1722 Lypsio.

485 1821 543 1885 Ille
567 1823 711 1907 quisquis
733 1821 793 1884 fuit
816 1820 988 1897 carmelita,
1017 1841 1127 1884 scurra
1154 1821 1266 1905 quouis
1293 1820 1353 1884 fuit
1381 1822 1565 1884 instructior

383 1926 529 1989 infacetis
563 1925 696 1989 facetiis.
741 1925 834 2008 Mitto
868 1925 910 1988 ad
942 1934 974 1987 te
1004 1923 1147 1988 libellum
1176 1924 1351 2008 apologiae,
1384 1947 1448 2010 qua
1477 1926 1564 1989 Leeo

384 2031 572 2114 respondeo.
604 2030 682 2118 Mox
698 2023 833 2093 habebis
848 2030 1071 2112 responsiones
1087 2029 1128 2092 ad
1148 2031 1377 2106 annotationes,
1394 2032 1429 2093 in
1449 2030 1565 2114 quibus

384 2135 561 2220 apparebit,
586 2157 683 2220 quam
706 2157 769 2198 non
791 2133 984 2217 respondeat
998 2134 1105 2197 Leeus
1126 2157 1201 2198 suae
1223 2133 1337 2198 famae.
1376 2133 1565 2198 811111111-

385 2242 504 2302 zenus⁴
527 2248 575 2301 est
597 2238 703 2302 adhuc
725 2237 812 2323 apud
831 2248 872 2313 te,
897 2238 1019 2321 inspice
1043 2260 1172 2300 carmen
1187 2237 1416 2322 genealogicon
1432 2248 1464 2301 et
1479 2239 1563 2314 uide,

384 2366 426 2405 an
449 2342 567 2407 alicubi
590 2342 710 2406 scribat
724 2343 745 2406 J
747 2342 846 2426 osepb
866 2341 1016 2405 habuisse
1032 2342 1111 2405 duos
1127 2351 1243 2426 patres,
1267 2341 1371 2406 Jacob
1387 2341 1566 2405 naturalem

385 2455 417 2508 et
439 2446 722 2531 Heli‘adoptiuum
745 2469 783 2509 ac
807 2445 913 2509 locum
934 2455 1078 2509 notatum
1105 2445 1147 2509 ad
1176 2469 1227 2509 me
1255 2447 1383 2526 mittito,
1414 2468 1490 2508 nam
1514 2444 1565 2508 die

385 2553 495 2613 martis
518 2573 611 2615 mane
634 2561 683 2614 est
705 2550 899 2614 abeundum.
945 2551 1033 2614 Bene
1056 2551 1138 2615 uale.

491 2675 546 2724 Aus
564 2675 624 2725 dem
643 2674 706 2724 eod.
726 2675 789 2724 Hor.
808 2675 838 2725 A.
857 2693 882 2740 p.
901 2677 942 2724 47.

934 2873 1013 2938 XII.
1459 2893 1566 2960 macc)

577 3050 655 3104 Des.
678 3050 843 3104 Erasmus
867 3048 1121 3104 Boterodamus
1145 3063 1209 3104 suo
1233 3049 1372 3116 Lypsio.

487 3223 522 3288 Si
544 3246 608 3288 non
631 3232 680 3287 est
701 3223 788 3287 aliud
811 3224 1057 3300 incommodum,
1086 3223 1147 3286 nisi
1176 3223 1262 3307 quod
1285 3221 1442 3306 Origenes
1470 3224 1566 3287 nimis

383 3350 536 3410 magnum
552 3338 600 3392 est
614 3327 774 3404 volumen,
795 3327 874 3390 nihil
889 3338 937 3391 est
952 3327 1095 3411 periculi.
1130 3327 1182 3390 De
1197 3329 1302 3411 priore
1319 3327 1412 3390 diuae
1428 3326 1567 3412 Agnetis

384 3432 462 3495 nihil
484 3454 626 3517 unquam
642 3432 758 3494 sinistri
775 3454 845 3494 sum
866 3433 1054 3514 suspicatus,
1079 3431 1136 3494 sed
1159 3431 1199 3494 de
1215 3431 1368 3494 fratribus
1384 3431 1568 3496 Zwollensi-

384 3536 479 3612 bus,⁵
502 3558 686 3654 quanquam
708 3536 769 3598 hoc
792 3558 919 3620 quoque
943 3535 1065 3598 leuiter.
1110 3536 1162 3599 De
1182 3553 1283 3600 uxore
1303 3535 1437 3599 Listrii6
1459 3536 1567 3622 deque

384 3641 508 3704 omissis
537 3641 661 3723 graecis
690 3639 726 3702 lit
713 3641 789 3702 teris
820 3642 963 3725 comperi
993 3639 1073 3703 falso
1096 3639 1138 3703 ad
1160 3662 1211 3704 me
1236 3641 1334 3724 script
1335 3663 1392 3703 um
1412 3641 1510 3703 fuisse
1536 3652 1570 3704 et

385 3753 499 3830 expost
487 3743 586 3808 tulaui
618 3767 691 3808 cum
722 3767 768 3822 eo,
802 3746 857 3830 qui
887 3746 1072 3830 scripserat,
1104 3764 1180 3809 nam
1210 3747 1236 3808 is
1269 3755 1317 3808 est
1343 3746 1461 3809 Listrio
1492 3769 1569 3809 cum

428 3939 433 3970 ¹
454 3939 543 3988 Ueber
555 3937 641 3988 Nicol.
652 3938 850 4003 Egmondanus,
863 3939 915 3988 den
928 3938 1181 3989 Carmelitermbnch
1197 3937 1333 4002 (Erasmus
1343 3944 1427 3988 nennt
1439 3939 1486 3988 ihn
1499 3940 1570 3990 oster

454 4025 630 4090 Carmeliter),
655 4025 707 4075 den
725 4027 880 4076 erbitterten
898 4027 1004 4092 Gegner
1026 4026 1072 4075 des
1092 4026 1226 4088 Erasmus,
1251 4025 1284 4076 cf.
1302 4026 1380 4089 Essa,
1404 4027 1496 4076 Leben
1520 4027 1570 4076 des

452 4113 617 4162 ErasmusI.
637 4111 731 4160 aaaff.

429 4201 438 4233 ²
456 4200 578 4249 Dartiber
597 4199 667 4248 steht
685 4199 805 4264 plethnia
824 4200 893 4266 (1,)·
886 4218 915 4250 111
932 4217 985 4266 mg
1004 4199 1070 4250 alias
1089 4205 1258 4250 excrementa
1276 4202 1387 4250 narium.

430 4288 439 4320 ³
457 4286 508 4336 Die
527 4286 589 4336 Dat
570 4291 659 4352 tirung
677 4288 763 4352 ergibt
784 4288 840 4338 sich
859 4288 945 4338 durch
963 4288 1006 4338 die
1023 4288 1134 4354 Angabe
1152 4289 1217 4338 iiber
1235 4289 1327 4338 seinen
1345 4287 1452 4338 libellus
1470 4286 1569 4353 Apolo-

453 4375 513 4438 giae
531 4389 617 4439 gagen
635 4375 697 4424 Lee.
735 4375 824 4424 Ueber
841 4379 973 4424 scurrat
949 4375 1019 4424 steht
1037 4389 1160 4439 nequam,
1179 4374 1245 4426 ilber
1262 4375 1365 4424 facetiis
1384 4376 1469 4440 nugis.

426 4459 437 4492 ⁴
454 4460 638 4510 Naaanaenus.

429 4546 564 4608 ⁵Zwolle,
583 4547 625 4596 die
644 4547 778 4598 bekannte
797 4548 902 4609 Schule,
920 4549 953 4598 cf.
971 4550 1096 4612 Raumer,
1116 4549 1146 4600 G.
1165 4549 1190 4599 d.
1209 4549 1373 4614 Padagogik.

425 4633 572 4684 6Gerhard
584 4634 706 4697 Listnus
724 4635 764 4684 als
782 4635 860 4686 homo
879 4636 1012 4702 trilinguis
1025 4637 1084 4686 und
1097 4637 1167 4699 Arzt,
1186 4653 1235 4686 wie
1247 4636 1287 4686 als
1301 4637 1500 4687 commentator
1518 4635 1567 4688 des
1653 4653 1654 4686 1

451 4722 609 4771 Encomium
627 4722 728 4772 Moriae
751 4738 804 4771 von
821 4722 958 4772 Johannes
980 4723 1146 4773 Murmellius
1170 4724 1224 4787 (bei
1170 4723 1391 4788 (Reichling,
1415 4725 1475 4775 Joh.
1494 4725 1568 4775 Mur·
