3320 5742
395 478 456 541 104
914 487 1062 539 seranna.
1489 489 1583 562 [166]

425 725 531 774 Basel.
914 708 1054 772 LXXV.
1227 715 1229 720 '
1333 732 1375 778 aa.
1394 729 1452 779 Juli
1473 731 1550 778 isar.

520 869 557 959 D.
582 905 750 961 Erasmus
774 902 1029 961 Ro'terodamus
1054 919 1118 962 suo
1142 907 1274 974 Lypsio
1298 909 1329 963 S.
1354 907 1393 962 D.
1417 909 1455 963 P.

492 1089 652 1165 Demiror,
676 1089 733 1152 ubi
757 1099 831 1154 tuae
853 1089 965 1153 literae
997 1101 1063 1153 tam
1087 1091 1143 1154 diu
1166 1090 1360 1154 delituerint.
1407 1091 1499 1156 Nihil
1524 1093 1584 1156 illis

389 1191 451 1256 fuit
479 1193 611 1277 gratim.
656 1191 823 1257 Waltero¹
855 1202 909 1257 tuo
941 1195 1063 1278 scripsi.
1110 1193 1290 1258 Guilelmus
1323 1195 1455 1260 videtur
1487 1195 1582 1260 homo

388 1297 511 1374 doctus,
546 1296 703 1361 candidus
727 1306 760 1361 et
782 1299 850 1360 sani
881 1298 1000 1376 iudicii,
1026 1299 1077 1361 cui
1107 1300 1285 1384 scripturus
1315 1321 1423 1381 eram3
1450 1301 1583 1365 sedhic

390 1403 483 1466 citius
518 1402 745 1488 expectatione
783 1403 889 1488 coepit
926 1402 1049 1466 abire.‘²
1094 1401 1242 1467 Scribam
1279 1403 1367 1468 alias.
1416 1403 1512 1484 Quae
1551 1408 1580 1468 iu

388 1505 607 1590 Augustinum
627 1528 669 1570 ex
684 1509 819 1570 vetustis
836 1507 1003 1570 codicibus
1018 1517 1154 1593 possunt
1168 1510 1388 1585 transnotari,³
1408 1510 1442 1572 in
1459 1509 1578 1586 charta,

389 1613 415 1674 si
438 1611 588 1694 designes
611 1611 793 1689 editionem,
828 1613 981 1697 paginam
1003 1621 1036 1675 et
1057 1634 1197 1676 versum.
1243 1612 1293 1675 Ea
1316 1614 1342 1675 si
1365 1615 1580 1676 transmiseris

388 1715 461 1792 huc,
487 1715 681 1792 curabimus,
713 1724 749 1778 ut
771 1714 893 1800 aliquid
915 1716 1073 1800 pecuniae
1104 1716 1147 1780 ad
1169 1725 1200 1779 te
1223 1716 1343 1780 redeat.
1389 1715 1487 1780 Nunc
1518 1740 1578 1781 non

388 1819 530 1883 vacabat
551 1819 646 1904 plura
670 1820 821 1883 seribere.
868 1819 1023 1884 Goelenio
1051 1821 1174 1905 scripsi,
1208 1830 1244 1884 ut
1266 1829 1387 1884 emeret
1409 1821 1468 1885 tibi
1490 1845 1578 1907 para-

389 1922 533 2009 phrases,
560 1925 673 1987 sinon
696 1923 843 1988 haberes.
879 1924 969 1987 Bene
992 1924 1075 1988 vale.
1110 1924 1257 1988 Basileae
1279 1925 1434 2011 postridie
1458 1926 1575 1990 Iacobi.

389 2026 487 2092 Anno
514 2028 605 2092 1524.

491 2152 546 2202 Ans
565 2152 625 2202 dem
644 2151 708 2203 Cod.
727 2153 792 2204 Hor.
811 2153 842 2202 A.
860 2170 885 2219 p.
906 2154 964 2202 130.

421 2397 529 2448 Bassi.
903 2377 1060 2442 LXXVI.
1330 2401 1371 2448 aa.
1390 2399 1448 2449 suli
1470 2401 1544 2450 1524.

390 2583 428 2638 D.
453 2582 621 2637 Erasmus
645 2580 901 2635 Roterodamus
926 2557 1080 2634 waltero
1104 2594 1125 2635 a
1147 2579 1276 2636 Grauia
1300 2579 1529 2635 Dominicano
1547 2583 1572 2636 8.

490 2765 577 2846 Quid
600 2776 636 2829 tu
657 2766 735 2829 mihi
767 2765 911 2830 ordinem
942 2769 1120 2830 excusare⁴
1147 2765 1280 2828 niteris?
1324 2766 1394 2849 Ego
1422 2765 1576 2830 malorum

386 2893 490 2936 mores
514 2871 607 2936 bonis
630 2893 695 2935 nou
718 2872 840 2956 imputo
864 2880 896 2934 et
920 2871 979 2934 sub
1004 2870 1181 2956 quamlibet
1203 2871 1294 2954 nigro
1317 2871 1415 2956 pallio
1446 2893 1574 2935 exoscu-

385 2977 434 3041 lor
455 2978 599 3040 animum
622 2977 806 3040 candidum.
853 2975 1003 3040 Studium
1031 2997 1108 3059 erga
1131 2997 1182 3038 me
1205 2983 1305 3053 tuum,
1339 2977 1382 3038 mi
1406 2975 1576 3053 Waltere,·'·

388 3103 465 3145 sane
500 3103 597 3166 quam
620 3080 736 3144 lubens
759 3080 945 3165 amplector.
992 3080 1163 3144 Caeterum
1196 3079 1295 3144 nolim
1327 3090 1369 3156 te,
1405 3079 1486 3144 dum
1519 3105 1574 3166 pro

385 3186 521 3250 Erasmo
545 3186 714 3272 depugnes
736 3185 893 3250 aduersus
908 3185 1054 3249 homines
1070 3185 1275 3263 insanabiles,
1300 3206 1404 3270 paene
1429 3185 1574 3250 dixeram

384 3293 531 3368 insanos,
563 3292 623 3356 tibi
653 3313 785 3376 grauem
815 3291 955 3356 conflare
983 3291 1147 3355 inuidiam.
1192 3291 1268 3354 Huc
1297 3293 1403 3376 potius
1444 3294 1572 3368 enitere,

385 3405 421 3461 ut
443 3397 623 3461 eruditione
647 3396 756 3472 solida,
788 3406 824 3459 ut
850 3396 1021 3482 inculpatis
1053 3396 1197 3460 moribus
1227 3396 1382 3460 inuidiam
1410 3397 1466 3460 vel
1496 3399 1574 3460 vites

385 3501 437 3565 vel
461 3523 603 3587 superes.
649 3502 703 3564 Me
725 3523 798 3564 mea
833 3501 900 3565 fata
933 3501 1011 3565 nihil
1041 3503 1147 3565 minus
1178 3510 1406 3586 expectantem
1438 3503 1573 3566 inuolue-

386 3615 460 3670 runt
482 3606 577 3670 huius
600 3606 700 3670 seculi
723 3607 888 3670 tumultui:
912 3629 951 3670 ac
973 3628 1046 3671 mea
1068 3607 1147 3670 mihi
1170 3606 1357 3692 peragenda
1380 3615 1430 3669 est
1452 3607 1568 3670 fabula.

383 3710 443 3788 Tu,
468 3713 522 3795 qui
545 3711 689 3775 nondum
718 3712 853 3798 prodisti
876 3713 909 3776 in
936 3713 1150 3796 proscenium,
1182 3711 1267 3789 vide,
1300 3719 1336 3774 ut
1359 3721 1454 3775 caute
1477 3721 1571 3775 temet

384 3837 522 3900 appares
544 3816 678 3880 theatro.
725 3817 820 3897 Quod
842 3817 988 3892 hortaris,
1013 3825 1049 3878 ut
1070 3815 1127 3879 fiat
1154 3816 1194 3880 de
1217 3815 1480 3900 paraphrasibus‚
1512 3817 1571 3879 iam

384 3920 506 3984 factum
537 3929 593 3996 est,
625 3921 810 3984 maiusculis
840 3922 928 4005 typis
958 3929 990 3983 et
1021 3921 1098 3983 item
1128 3920 1325 3984 minusculis.
1372 3920 1463 3983 Bene
1491 3920 1569 3983 vale.

383 4024 531 4088 Basileae
553 4024 706 4108 postridie
730 4024 850 4088 Iacobi.
895 4023 959 4088 An.
986 4024 1079 4087 1524.

487 4148 542 4197 Aus
559 4148 619 4197 dem
639 4147 702 4197 Cod.
722 4149 786 4198 Hor.
805 4148 835 4198 Α,
854 4165 878 4214 p.
901 4150 950 4197 130
960 4148 977 4197 f.
1008 4212 1012 4221 Ι

428 4326 433 4356 ¹
452 4323 488 4372 Es
506 4325 541 4373 ist
559 4323 606 4372 der
623 4323 815 4372 Dominioaner
833 4305 937 4372 Walter
955 4339 971 4372 a
989 4322 1097 4381 Grauia,
1117 4323 1150 4372 cf.
1170 4339 1209 4371 nr.
1229 4323 1351 4372 LXXVI.

426 4409 518 4459 ²w01
536 4410 695 4461 Guilielinus
713 4411 899 4472 Louaniensis,
918 4426 971 4458 von
990 4410 1049 4458 dem
1068 4413 1157 4475 spiiter
1175 4410 1264 4458 Briefe
1283 4409 1381 4474 folgen.

424 4497 434 4530 ³
452 4497 489 4547 Es
507 4496 575 4546 fehlt
592 4497 699 4546 notabo.

426 4584 435 4616 ⁴
455 4597 585 4634 accusare.

426 4671 436 4706 ⁵
453 4669 583 4722 Waltero.
