3320 5742
81 413 186 486 [781]
412 426 708 467 1111111111111111111111111
721 426 765 466 und
779 426 888 466 Martinus
901 425 995 477 Lipsius.
1236 412 1298 474 119

81 602 290 666 iucundum
312 603 390 667 mihi
413 605 517 666 estin
540 611 606 666 tam
629 624 799 666 muuerosa
823 601 1020 688 supellectile
1043 603 1207 680 librorum,
1241 625 1306 688 qua

81 715 207 770 nostra
234 701 792 772 11111111111111111111111111111111
816 730 912 793 quam
936 715 1055 782 ornata,
1080 708 1133 770 vel
1157 707 1238 772 duos
1260 709 1306 772 in·
1376 749 1379 756 ι

80 813 209 888 ueniri,
241 814 305 897 qui
327 812 387 876 tibi
408 814 530 898 possint
553 835 624 876 esse
646 813 727 876 usui.
774 811 969 897 Quanquam
991 813 1025 875 in
1047 811 1109 876 hac
1132 821 1224 897 parte
1247 834 1306 898 pro

81 926 142 980 tuo
169 918 294 1001 magis
317 917 483 982 commodo
507 916 715 1001 gaudendum
731 917 771 980 sit
791 939 888 1001 quam
904 916 944 979 de
960 939 1031 981 meo
1048 916 1154 980 officio
1170 917 1305 999 glorian-

81 1021 182 1085 dum.
237 1023 360 1107 Neque
390 1023 476 1085 enim
504 1019 554 1107 (ut
575 1043 653 1083 vere
675 1029 772 1105 atque
796 1043 838 1083 111
860 1023 966 1084 animo
990 1019 1110 1107 dicam)
1141 1020 1191 1084 his
1223 1043 1306 1085 com-

82 1125 260 1190 munibus
288 1135 320 1188 et
342 1126 384 1190 ad
406 1148 457 1189 me
480 1148 545 1188 nou
566 1126 696 1211 proprie
715 1125 951 1210 pertinentibus
975 1147 1046 1189 meo
1067 1126 1156 1189 in'te
1176 1125 1306 1188 affectui

84 1232 169 1294 satis
206 1230 312 1293 ficril
343 1232 454 1294 sentio.
500 1229 657 1315 Optarem
686 1231 793 1315 potius
815 1252 888 1294 eam
911 1229 989 1293 mihi
1012 1229 1209 1306 facultatem,
1242 1249 1306 1312 qua

84 1337 155 1400 mei
181 1336 276 1398 iuris
297 1335 418 1420 aliquid
441 1335 474 1398 in
496 1344 568 1399 tuas
590 1335 701 1398 liceret
724 1357 801 1398 usus
824 1334 1011 1419 impendere
1034 1343 1090 1398 aut
1112 1356 1185 1398 mea
1209 1355 1307 1418 opera

86 1441 287 1526 quicquam
310 1441 368 1504 tibi
390 1442 547 1525 praestari
570 1449 687 1524 posset.
726 1439 823 1520 Quod
843 1463 917 1503 cum
941 1441 1069 1503 omniuo
1091 1462 1156 1503 non
1179 1440 1228 1520 sit,
1253 1461 1305 1502 ne-

88 1547 162 1609 scio
190 1545 282 1630 quid
305 1545 363 1608 tibi
386 1547 419 1609 in
441 1554 583 1609 mentem
605 1547 738 1621 venerit,
763 1554 886 1608 utnon
910 1553 1079 1608 contentus
1097 1545 1308 1609 amicissimas

90 1651 281 1734 scripsisse
304 1649 412 1713 literas
435 1649 513 1713 mihi
532 1672 609 1713 auro
626 1651 780 1735 gratiores
796 1650 928 1734 insuper
944 1649 1083 1732 eleganti
1100 1671 1151 1714 me
1168 1648 1307 1712 volueris
1325 1646 1327 1650 ’

92 1754 228 1818 donare
261 1752 381 1816 libello.
426 1753 512 1817 Nam
542 1753 628 1838 quod
659 1764 695 1817 tu
723 1753 908 1838 praetendis
938 1752 988 1839 (ut
1019 1762 1126 1830 tester,
1159 1754 1307 1838 inquiens

92 1859 213 1923 multis
230 1857 421 1922 nominibus
436 1880 488 1922 me
504 1857 562 1922 tibi
579 1856 792 1944 obstrictum),
818 1880 916 1943 quam
936 1857 1014 1921 nihil
1030 1857 1150 1922 habeat
1164 1859 1305 1934 rationis,

93 1965 168 2048 ipse
186 1985 261 2028 non
277 1964 416 2046 ignoras.
441 1964 573 2027 Poteras
598 1972 684 2027 certe
707 1962 820 2046 paucis
843 1963 1019 2026 immutatis
1035 1964 1193 2026 veriorem
1208 1963 1309 2027 multo

94 2069 269 2132 rationem
293 2067 379 2143 darc,
404 2069 439 2143 si,
464 2067 520 2131 ubi
536 2067 666 2132 dixeras
689 2090 764 2143 ‚nou
778 2076 814 2130 ut
830 2089 867 2130 eo
883 2089 935 2130 1111
950 2066 1085 2131 liberem
1100 2089 1175 2131 aere
1192 2067 1307 2131 alieno‘

95 2171 296 2236 addidisses
329 2174 530 2235 continenter
560 2171 629 2252 ‚sed
652 2181 746 2235 uteo
770 2180 801 2234 te
824 2170 901 2234 mihi
928 2170 1064 2235 reddam
1095 2171 1305 2235 obstrictum‘.

98 2277 299 2361 Vtcumque
317 2279 365 2353 sit,
389 2276 516 2341 libellus
536 2277 605 2362 ipse
629 2298 703 2340 cum
726 2298 791 2361 per·
808 2298 842 2338 se
865 2286 985 2360 gratus,
1010 2286 1077 2340 tum
1100 2276 1152 2340 uel
1176 2275 1237 2340 hoc
1253 2299 1305 2340 no·

98 2383 191 2446 mine
217 2381 302 2445 mihi
325 2383 524 2464 gratissimus
548 2390 605 2462 est,
630 2381 716 2466 quod
732 2405 751 2444 a
768 2381 891 2466 Lypsio
907 2403 978 2444 meo
995 2382 1110 2444 missus
1127 2383 1176 2445 111.
1216 2379 1304 2445 Caue

99 2495 218 2550 tamen
236 2507 360 2570 quaeso
383 2486 519 2571 posthac
541 2485 604 2549 tale
627 2486 748 2571 aliquid
772 2485 919 2549 factitare
943 2495 975 2549 et
997 2507 1068 2549 meo
1092 2484 1209 2572 inhoo
1233 2508 1306 2549 con-

100 2591 171 2656 sule
198 2591 330 2678 pudori,
355 2593 410 2675 qui
433 2613 492 2676 par
514 2593 584 2675 pari
607 2590 727 2654 referre
748 2613 812 2654 uon
829 2613 955 2676 queam.
989 2590 1060 2654 Scis
1076 2592 1210 2654 enimin
1226 2591 1307 2654 silua

99 2695 306 2782 bibliopolas
322 2718 387 2758 nou
410 2717 480 2758 esse
503 2705 535 2758 11
557 2694 728 2758 fasciculos
744 2694 797 2759 hic
812 2694 919 2771 vendi,
944 2718 1008 2759 non
1023 2695 1131 2760 libros.
1163 2694 1306 2759 Abunde
1386 2737 1388 2742 -

99 2800 182 2864 mihi
199 2799 450 2885 gratificaberis,
473 2801 508 2876 11,
525 2799 580 2863 ubi
597 2802 672 2863 noui
689 2801 854 2884 quippiam
871 2801 1044 2876 emerserit,
1062 2801 1124 2863 tuis
1139 2822 1191 2863 me
1206 2799 1307 2864 literis

100 2904 143 2968 de
170 2904 270 2968 titulo
287 2914 319 2968 et
334 2903 466 2968 authore
487 2907 656 2968 certiorem
671 2904 807 2968 reddere
823 2927 887 2968 non
903 2906 1057 2988 graueris.
1093 2905 1162 2968 Iam
1179 2914 1214 2967 ut
1229 2905 1307 2968 nihil

99 3009 193 3073 aliud
219 3010 334 3085 facias,
366 3010 502 3092 gratiam
532 3008 610 3072 mihi
641 3019 786 3094 praestas
813 3009 907 3092 longe
931 3010 1093 3086 maiorem,
1126 3031 1224 3094 quam
1247 3031 1306 3093 ego

98 3115 157 3179 vel
181 3115 323 3178 meritus
347 3115 406 3177 sim
429 3114 482 3177 vel
502 3115 620 3197 mereri
643 3115 773 3199 possim,
807 3114 893 3199 quod
923 3137 975 3185 me
1006 3116 1215 3178 ornatissimis
1244 3117 1307 3179 tuis

96 3219 208 3282 literis
236 3219 390 3302 dignaris,
423 3219 540 3303 quibus
563 3219 651 3282 haud
674 3221 780 3283 minus
804 3218 972 3303 iudignum
994 3241 1045 3283 me
1069 3219 1179 3296 fateor,
1210 3242 1307 3305 quam

98 3333 151 3386 est
176 3325 295 3388 asinus
318 3345 443 3388 amomo
466 3333 522 3387 aut
546 3347 599 3387 sus
622 3324 706 3388 bene
729 3323 826 3387 olenti
849 3326 977 3388 croco.²
1014 3325 1115 3407 Digni
1139 3334 1213 3387 sunt
1234 3324 1305 3402 illis,

97 3429 158 3511 qui
184 3431 263 3514 pari
287 3429 415 3510 ingenio
438 3428 576 3512 praediti
600 3437 632 3490 et
654 3428 837 3513 eloquentia
858 3451 924 3492 non
946 3429 1112 3492 inferiores
1136 3421 1304 3514 exaequo

96 3531 161 3595 tibi
179 3532 384 3617 respondere
408 3541 550 3617 possunt,
575 3556 594 3596 a
618 3531 736 3617 quibus
760 3555 857 3617 quam
880 3533 974 3616 longe
998 3533 1123 3615 absum,
1148 3543 1183 3596 tu
1205 3534 1307 3618 probe

95 3638 191 3700 nosti
226 3639 357 3722 iamque
389 3639 465 3700 satis
496 3647 704 3722 compertum*
726 3636 837 3701 habes.
883 3636 992 3723 Atque
1015 3648 1051 3702 ut
1073 3637 1154 3702 haec
1183 3661 1243 3723 ego
1267 3639 1307 3702 de

95 3761 154 3802 me
180 3743 335 3827 meisque
358 3743 486 3826 ineptiis
509 3765 574 3806 nou
596 3744 702 3805 minus
726 3763 802 3805 vere
834 3765 931 3827 quam
960 3744 1100 3826 ingenue
1123 3753 1231 3819 testor,
1263 3744 1308 3806 ita

95 3852 134 3907 tu
159 3846 316 3910 modeste
341 3846 481 3931 quidem,
515 3846 572 3909 sed
604 3848 698 3910 nimis
728 3848 845 3911 iniuste
876 3847 985 3911 literas
1015 3857 1088 3911 tuas
1119 3847 1308 3934 (inquibus

94 3970 176 4013 mco
202 3949 326 4014 iudicio
349 3950 438 4035 lepos
454 3949 582 4015 Atticus
606 3951 667 4038 est)
690 3953 800 4028 uenias
824 3952 913 4015 facis.
953 3952 1049 4033 Quod
1071 3961 1180 4016 tamen
1203 3954 1308 4037 patiar

95 4051 169 4116 dici
194 4077 218 4118 a
247 4063 289 4131 te,
322 4055 379 4118 sed
409 4055 580 4120 humilitati
610 4056 786 4133 tribuerim,
819 4078 883 4120 non
912 4058 1049 4121 veritati.
1096 4056 1177 4136 Quis
1211 4060 1306 4136 enim,

95 4153 166 4218 hoc
193 4179 319 4243 quaeso
342 4168 383 4236 11,
407 4158 488 4222 alius
512 4160 654 4224 dixerit?
692 4160 796 4224 Nemo
821 4183 906 4238 sane,
933 4163 986 4246 qui
1010 4183 1065 4224 eas
1088 4161 1140 4224 vel
1165 4163 1305 4238 summis,

97 4268 136 4320 ut
163 4259 298 4338 dicitur,
323 4262 421 4326 labris
444 4265 588 4346 gustarit,
613 4265 675 4327 nisi
699 4263 779 4327 forte
803 4266 915 4341 nenias
938 4275 1071 4329 vocaret
1094 4266 1190 4330 etiam
1213 4265 1307 4329 Eras-

147 4503 156 4536 ¹
177 4505 306 4556 satisferi.

147 4592 158 4625 ²
180 4592 287 4644 Erasm.
306 4595 430 4645 Proverb.
452 4602 500 4656 199
518 4601 550 4656 Α.
