3372 5768
936 576 1085 618 Horarritz.

724 754 870 804 Doctrinae
889 753 968 804 simul
986 755 1178 804 eminentioris.

723 841 818 891 Acrem
836 856 900 890 nam
917 841 1038 907 insipidis
1055 841 1139 891 salem
1158 846 1283 907 procurat

725 927 888 994 Semperque
906 931 936 978 in
954 929 1071 979 tenebris
1088 933 1165 994 parat
1182 927 1317 979 lucernas:

723 1016 782 1077 Quo
801 1018 836 1065 sit
853 1015 955 1082 regula,
973 1031 1080 1081 quoque
1098 1018 1134 1065 sit
1151 1020 1277 1082 potestus,

723 1101 829 1153 conatu
847 1103 1031 1169 generosiore¹
1050 1105 1170 1169 cupienti

721 1190 841 1256 signatas
858 1191 983 1241 tenebras
1001 1191 1095 1256 fugare
1113 1190 1182 1240 luce.

722 1279 887 1344 Praeterque
904 1278 971 1329 haec
990 1277 1064 1328 dedit
1081 1277 1137 1340 ille,
1156 1279 1202 1342 qui
1220 1279 1336 1340 sensuit,

722 1365 764 1414 Ne
781 1365 890 1431 grandis
908 1364 988 1425 mola,
1005 1379 1076 1430 qnae
1095 1365 1158 1415 terit
1176 1364 1330 1430 frequenter

722 1453 859 1518 Ingratum
877 1451 1045 1502 molitoribus
1062 1450 1186 1514 farinam,

721 1539 885 1605 Infamisque
902 1541 986 1589 ruinis
1004 1543 1032 1588 et
1049 1537 1168 1603 periclis:

724 1626 928 1692 'Prudentesque
946 1625 1033 1676 solent
1051 1640 1132 1676 auere
1151 1639 1237 1676 seram

724 1713 824 1779 Optare
841 1719 922 1780 atque
940 1714 1033 1764 rudem
1051 1728 1190 1778 nunquam
1207 1713 1337 1762 futuram:
1351 1713 1360 1746 ²

723 1802 762 1850 Te
780 1799 879 1852 lassare
898 1807 987 1868 queat.
1006 1801 1051 1852 Sic
1069 1806 1126 1851 arte
1144 1805 1243 1851 tractas

723 1887 827 1938 Durum
846 1905 942 1955 nempe
959 1903 1044 1955 genus
1062 1888 1199 1954 refersque
1217 1889 1289 1938 vitae

722 1974 807 2026 Cursu
825 1981 855 2026 tu
873 1976 1035 2026 monachos³
1051 1977 1219 2026 uetustiores.

722 2063 787 2124 Quis
805 2068 847 2114 est
864 2063 949 2114 multa
966 2061 1040 2127 fides,
1058 2061 1111 2113 fide
1128 2068 1263 2128 repostum

721 2150 858 2216 Perparua
875 2153 905 2201 in
923 2152 1024 2201 meritis
1042 2152 1149 2216 suisque
1168 2150 1261 2200 factis⁴

722 2238 851 2287 Faustum
870 2242 897 2288 te
915 2237 981 2287 facit
998 2243 1026 2288 et
1043 2238 1123 2288 beata
1140 2239 1197 2287 uita
1216 2241 1243 2287 et

721 2323 862 2387 Constans,
881 2324 984 2391 religio,
1003 2329 1107 2375 sacrata
1125 2340 1227 2374 morum

722 2412 821 2476 Virtus,
840 2427 951 2462 munera
968 2399 1070 2462 nemini
1087 2411 1212 2478 pudenda

723 2497 845 2565 Linguae
863 2514 913 2550 nec
931 2501 1002 2549 nitor
1019 2498 1116 2548 indolis
1134 2497 1271 2548 tacendus.

724 2585 792 2635 Nolo
811 2589 927 2652 corporis
945 2589 1043 2653 exequi
1061 2585 1167 2652 figuras,

721 2674 864 2724 Aeternam
882 2676 971 2740 potius
989 2675 1083 2724 charin
1101 2677 1242 2739 sequutus:

722 2762 852 2810 Minentur
870 2777 937 2827 quos
955 2762 1036 2812 habet
1053 2766 1145 2827 stupor
1163 2760 1280 2811 caducae

722 2849 842 2911 Formae,
862 2865 910 2899 nos
928 2850 998 2900 bona
1016 2850 1123 2915 spiritus
1142 2853 1287 2912 stupemus.

722 2935 775 2985 Sed
792 2937 856 3002 quid
874 2937 941 2986 dura
958 2937 1061 3003 gemis?
1080 2937 1174 3001 nequis
1192 2937 1284 3000 inepta

712 3023 829 3092 'Laudes
847 3039 968 3090 promere
985 3039 1051 3089 quas
1069 3025 1144 3089 cupis
1163 3024 1276 3088 patroni.

722 3111 799 3173 Quod
817 3116 913 3162 natura
930 3117 1019 3177 negat,
1038 3110 1134 3166 valere,
1147 3112 1226 3160 sinas.

722 3198 791 3248 Nam
809 3213 859 3249 nee
877 3203 907 3248 tu
925 3204 1000 3265 potes
1018 3203 1066 3250 aut
1083 3199 1151 3263 petit
1168 3203 1296 3262 patronus
1497 3201 1529 3248 80

719 3287 831 3336 Audire:
850 3289 966 3351 optimus
983 3291 1014 3336 ut
1031 3288 1143 3352 quisque
1162 3290 1202 3336 est
1220 3290 1313 3350 suapte

721 3373 840 3424 Censura
858 3375 1017 3440 propriaque
1035 3375 1177 3424 sanctitate
1235 3375 1245 3396 *¹

722 3460 878 3512 Contentus.
898 3459 971 3526 Cape
989 3475 1120 3526 pauperes
1138 3460 1252 3510 Gerardi

721 3548 814 3598 Venae
832 3546 979 3597 uersiculos
997 3549 1144 3597 tenerioris.

720 3634 791 3684 Noui
809 3633 989 3700 splendidiora
1006 3640 1033 3684 te
1052 3635 1159 3685 decere:

721 3722 757 3771 At
775 3737 857 3787 quum
875 3721 965 3788 quod⁵
982 3720 1106 3771 volumus
1125 3721 1188 3770 dare
1206 3725 1343 3787 negatum,

720 3810 822 3859 Demus
840 3809 912 3875 quod
930 3809 993 3859 dare
1011 3813 1101 3857 nostra
1119 3808 1171 3858 fert
1188 3806 1310 3858 facultas.

514 3896 569 3945 Aus
590 3896 648 3946 dem
668 3895 732 3946 Cod.
752 3897 817 3946 Hor.
835 3897 866 3947 A.
885 3913 909 3962 p.
929 3898 961 3945 65
972 3896 997 3944 ff.

455 4107 461 4139 ¹
480 4110 627 4172 generoso?

452 4193 462 4227 ²
480 4194 713 4244 Unverstiindlich.

451 4281 461 4313 ³
479 4282 622 4331 monachos
640 4287 678 4333 tu.

452 4367 461 4400 ⁴
480 4369 713 4418 Unverstiindlieh.

451 4455 550 4520 ⁵quod
568 4471 662 4521 quum;
681 4456 734 4521 vgl.
754 4457 829 4521 epist.
849 4455 920 4505 XVI.
939 4471 964 4505 v.
985 4459 1026 4506 49.
