3320 5742
368 526 430 593 1‘28
886 544 1033 588 notitia.
1463 533 1554 608 [iso]

364 773 613 860 Epitaphium
643 774 681 838 R.
705 775 741 838 P.
773 774 933 838 Martini
963 774 1087 859 Lipsii
1122 772 1312 859 quondam
1346 775 1485 858 prioris
1514 775 1554 835 in
1652 755 1653 826 J

832 879 1082 942 Monastario.

467 1036 743 1101 Castimonialium
766 1035 845 1101 Ord.
870 1036 912 1100 D.
936 1034 1075 1119 August.
1100 1034 1337 1112 Oruoelensico,
1362 1037 1422 1098 sito
1444 1037 1477 1097 in
1500 1059 1553 1098 ex-

364 1143 475 1205 tremis
504 1142 702 1206 Brabantiae
731 1141 859 1223 finibus,
890 1162 955 1204 non
985 1142 1018 1204 iu
1048 1162 1126 1224 agro
1149 1140 1332 1217 Leodiensi,
1363 1149 1399 1203 ut
1422 1140 1552 1224 quidam

363 1245 509 1309 moderni
533 1254 689 1311 asserunt.
735 1244 828 1310 Obiit
850 1245 973 1310 ibidem
995 1244 1216 1330 placidissima
1238 1252 1355 1307 morte:
1379 1254 1551 1330 postquam

362 1353 396 1414 in
426 1350 626 1434 corrigendis
657 1350 700 1413 D.
731 1348 907 1434 Augustini
938 1348 1090 1434 operibus
1120 1351 1214 1412 annis
1241 1349 1314 1433 plus
1343 1350 1451 1412 minus
1474 1349 1550 1412 XX.

363 1454 563 1532 desudasset,
589 1477 606 1518 e
631 1456 700 1518 vita
723 1455 873 1518 excessit.

467 1557 538 1624 010
556 1611 562 1622 .
579 1554 686 1623 IOLV
704 1611 710 1622 .
730 1559 779 1623 10.
803 1558 868 1622 kal.
892 1557 1015 1644 Aprilis
1039 1558 1113 1621 Aet.
1137 1557 1262 1621 LXIII.

675 1719 760 1778 Nosti,
779 1721 824 1784 qui
843 1720 987 1783 requIescit
1004 1718 1047 1767 hic
1066 1718 1190 1767 adaram

673 1805 817 1868 Summam,
837 1819 967 1854 marmore
986 1809 1081 1867 tectus,
1101 1807 1241 1854 oviator?

673 1893 781 1942 Dicam:
800 1892 1048 1942 MAR'IINIANVS
1066 1898 1107 1942 est
1124 1890 1281 1942 LYPSIVS.

672 1979 753 2028 Illum
771 1995 841 2030 mors
859 1981 948 2044 rapuit
966 1994 1046 2028 manu
1065 1993 1159 2029 seuera

671 2066 808 2117 Musarum
827 2081 842 2116 e
859 2068 969 2132 gremio,
987 2065 1032 2116 hei
1050 2067 1145 2116 acerbo
1165 2065 1256 2115 dolore

671 2154 821 2220 Virginem,
839 2154 950 2220 planctu
968 2154 1054 2204 cordis
1073 2155 1115 2204 hic
1134 2154 1235 2205 relicto.

671 2243 773 2292 Herum
792 2258 855 2292 nam
873 2244 945 2308 prior
963 2257 995 2292 ec
1013 2242 1161 2292 indefessus
1179 2248 1238 2292 erat

671 2329 785 2390 Vindex,
803 2335 884 2392 tutor,
902 2329 1035 2396 decusque
1056 2329 1204 2395 relligionis

672 2415 786 2480 Sanctae,
804 2418 921 2467 instituti
938 2417 1204 2468 AVGVSTINIANI.

913 2575 1002 2626 Aliud.

602 2698 661 2748 Hoc
680 2698 746 2746 situs
765 2703 805 2748 est
822 2698 926 2748 tumulo
945 2698 1077 2748 Martinus
1094 2699 1210 2763 Lypsius
1228 2698 1293 2748 olim

637 2786 689 2847 Qui
708 2799 812 2850 semper
829 2787 898 2835 uixit
916 2802 970 2835 non
988 2786 1047 2848 sibi,
1066 2800 1158 2835 verum
1177 2784 1251 2849 aliis;

602 2873 688 2922 Vivus
706 2873 802 2939 diguus
820 2875 867 2936 eis,
886 2889 952 2938 quos
970 2888 1053 2923 aurea
1071 2873 1190 2923 condidit
1208 2878 1295 2923 aetas:

635 2961 756 3010 Mortuus
774 2961 815 3010 his
832 2963 948 3023 iunctus,
966 2977 1034 3026 quos
1052 2960 1129 3026 polus
1147 2960 1218 3010 altus
1235 2961 1325 3010 habet.

463 3128 555 3194 Obiit
577 3128 674 3195 Auno
700 3131 783 3196 1555
805 3131 915 3194 Martii
938 3131 990 3196 23.
1014 3129 1123 3194 Aetat.
1148 3131 1199 3194 63.

462 3341 502 3405 Iu
525 3341 662 3405 circuitu
684 3341 801 3427 lapidis
824 3341 905 3405 haec
928 3340 1102 3405 habentur:

463 3447 535 3510 Hoc
559 3468 638 3510 saxo
661 3446 781 3530 tegitur
803 3447 844 3510 V.
867 3446 904 3509 P.
936 3446 1095 3510 Martinus
1117 3446 1260 3530 Lypsius
1292 3445 1440 3509 coenobii
1466 3446 1546 3510 Mar·

359 3552 472 3614 tiniani
494 3550 708 3615 Louanieusis
731 3552 827 3614 unica
851 3573 924 3636 spes
947 3561 980 3614 et
1002 3550 1117 3615 honos:
1140 3549 1235 3612 huius
1260 3550 1338 3614 dum
1360 3551 1446 3614 vixit
1458 3551 1547 3614 Prior

359 3653 578 3738 dignissimus.
624 3653 724 3732 Obiit,
748 3664 784 3719 ut
807 3677 905 3740 supra
928 3665 961 3718 et
984 3663 1044 3718 cet.

639 3831 738 3918 Epit.
762 3831 801 3894 R.
825 3831 861 3894 P.
886 3831 994 3894 Mart.
1019 3830 1113 3916 Lyp.
1138 3840 1175 3894 et
1197 3839 1266 3894 oet.

462 3971 673 4038 sanctissimo
709 3973 879 4051 sacerdoti,
916 3974 1102 4038 doctissImo
1137 3975 1293 4059 theologo,
1330 3975 1373 4038 D.
1409 3975 1544 4040 Martino

356 4078 490 4162 Lypsio,
523 4079 592 4142 viro
620 4078 775 4162 singulari
797 4078 956 4142 modestia
979 4087 1010 4142 et
1033 4079 1151 4162 insigni
1174 4081 1303 4164 pietate,
1336 4102 1400 4165 quo
1423 4081 1457 4143 iu
1479 4100 1544 4165 pro-

357 4182 526 4246 mouendis
560 4181 661 4246 literis
695 4205 789 4247 nemo
824 4183 884 4246 fuit
918 4182 1115 4266 diligentior,
1150 4205 1245 4247 nemo
1279 4185 1312 4247 in
1347 4183 1543 4270 perferendis
1649 4197 1650 4200 ’

358 4286 536 4350 studiorum
558 4287 724 4352 laboribus
748 4289 961 4352 constantior:
990 4289 1045 4372 qui
1068 4287 1110 4352 ab
1135 4291 1222 4352 omni
1244 4289 1420 4353 ambitione
1444 4300 1477 4353 et
1499 4289 1543 4351 sui

357 4393 569 4456 ostentatione
612 4414 709 4478 quam
747 4394 889 4456 maxime
931 4392 1055 4456 alienus
1093 4394 1199 4457 ocium
1238 4402 1364 4457 tantum
1399 4405 1431 4458 et
1465 4404 1542 4458 tran—

357 4496 549 4582 quillitatem
573 4498 615 4561 ad
639 4498 746 4562 studia
767 4507 970 4562 consectatus
993 4498 1069 4562 huic
1084 4500 1278 4563 monasterio
1294 4499 1440 4584 plurimis
1456 4500 1543 4563 annis

357 4623 483 4665 summa
505 4623 581 4665 oum
603 4600 699 4665 laude
723 4611 819 4688 atque
843 4602 1091 4688 incomparabili
1106 4603 1244 4667 utilitate
1265 4603 1415 4689 praefuit,
1439 4606 1541 4668 iuuen-

355 4715 457 4770 tutem
479 4717 549 4770 tum
571 4709 722 4791 uicinam,
748 4718 818 4772 tum
851 4718 996 4772 exteram
1021 4708 1122 4773 literis
1146 4718 1178 4772 et
1200 4709 1343 4774 moribus
1373 4708 1542 4792 diligentis·
