3372 5768
404 517 446 582 50
925 533 1070 574 Horswitz.
1499 521 1594 594 [712]

405 714 468 778 imo
493 709 750 774 commendantia
772 710 884 792 magis,
914 710 976 772 nisi
998 695 1243 778 insolentiorum,
1263 729 1435 793 corporum
1462 727 1595 772 consue-

396 815 549 888 tudinem
572 813 650 878 nihil
672 813 787 877 horum
810 813 1019 877 inminuisse?
1065 813 1119 876 Sic
1142 821 1234 876 tuum
1257 813 1400 876 animum
1423 812 1511 896 apud
1543 834 1594 875 mc

405 919 594 983 testificatus
623 918 703 982 mihi
733 917 862 996 videris,
897 919 1038 982 vicissim
1068 926 1101 980 et
1122 938 1174 981 me
1197 919 1260 980 mei
1283 917 1382 981 officii
1405 917 1593 994 admonens

405 1033 441 1087 ut
469 1023 622 1088 videlicet
652 1032 814 1104 amantem
844 1022 1017 1101 redamem,
1047 1021 1133 1106 quod
1156 1023 1219 1085 iam
1242 1043 1306 1084 non
1330 1043 1372 1084 ex
1396 1021 1511 1099 officio,
1538 1022 1594 1085 sed

407 1127 515 1191 debito
538 1127 682 1213 polliceri
706 1127 819 1191 debeo.
864 1127 973 1212 thue
1001 1127 1034 1189 id
1057 1127 1159 1210 magis
1182 1147 1222 1189 ac
1245 1126 1347 1209 magis
1370 1126 1499 1203 faciam,
1530 1149 1594 1190 mo·

405 1231 496 1296 nebit
518 1242 610 1296 tuum
633 1231 712 1296 illud
736 1231 934 1310 μνημόσυνον.ι
956 1231 1080 1296 Ubiubi
1102 1233 1136 1294 in
1158 1252 1273 1294 manus
1297 1239 1453 1309 occurret,
1478 1253 1595 1295 memo-

341 1364 355 1377 ··
405 1339 486 1402 riam
510 1336 644 1401 citabit²
667 1325 775 1418 suauis
798 1337 931 1399 etitem
954 1334 1040 1399 docti
1064 1337 1168 1399 amici.
1199 1334 1266 1400 Sed
1288 1344 1332 1413 tu,
1356 1337 1472 1420 inquis,
1499 1339 1532 1398 ἐκ
1547 1345 1595 1414 τῆς

406 1443 486 1518 μυίας
509 1443 676 1522 &separated
698 1439 769 1503 Nec
792 1427 917 1504 mirum.
941 1439 1015 1503 Non
1037 1440 1205 1503 materiam
1229 1450 1349 1524 specto,
1374 1461 1472 1525 quam
1488 1449 1595 1504 tamen

405 1547 500 1630 longe
531 1554 663 1631 superat
686 1567 775 1630 opus,
800 1545 858 1609 sed
880 1546 1023 1609 animum
1046 1552 1137 1608 tuum
1158 1545 1213 1628 qui
1228 1543 1348 1608 donum
1363 1545 1470 1629 ipsum
1486 1545 1596 1630 ampli-

406 1650 497 1736 ficat..
531 1648 617 1712 Nam
639 1650 864 1714 Artaxerxes⁴
886 1648 938 1713 ille
961 1649 1133 1713 Persarum
1155 1669 1223 1725 rex,
1249 1670 1330 1712 caua
1352 1649 1426 1713 vola
1448 1648 1609 1713 haustam

406 1775 525 1838 aquam
547 1752 726 1818 libentera
756 1754 962 1831 mercenario,
995 1754 1049 1839 qui
1080 1755 1113 1816 in
1135 1752 1273 1816 isthmo⁵
1301 1763 1495 1831 occurrerat,
1526 1776 1596 1839 por·

407 1866 530 1922 rectam
552 1858 711 1943 accepit.6
750 1839 819 1921 lmo
843 1868 875 1921 et
897 1879 948 1921 res
970 1859 1043 1943 ipsa
1064 1879 1123 1943 per
1147 1879 1180 1920 se
1203 1865 1344 1922 meretur
1367 1857 1595 1937 commendari,

409 1961 671 2047 quandoquidem
701 1962 942 2048 potentissimae
974 1963 1136 2047 quondam
1165 1963 1296 2045 reginae
1326 1963 1425 2026 textis
1451 1961 1596 2027 huiusce-

408 2068 496 2131 modi
519 2067 723 2132 elaborandis
746 2067 945 2145 insistebant,
970 2078 1006 2131 ut
1022 2068 1063 2131 de
1078 2066 1205 2131 Helena
1222 2089 1280 2131 sua
1295 2067 1422 2152 scripsit
1436 2067 1597 2132 Homerus

407 2171 526 2235 Iliados
554 2223 561 2235 .
587 2223 592 2235 .
619 2176 641 2237 ,⁷
664 2194 760 2257 quam
782 2171 843 2235 lris
856 2169 999 2236 'Iunonis
1020 2173 1139 2236 nuncia
1162 2181 1327 2236 texentem
1357 2171 1501 2236 offendit.
1546 2171 1595 2235 In-

408 2277 477 2360 quit
500 2277 619 2341 enim.⁸
912 2338 914 2342 ,
1234 2274 1236 2279 ’

680 2402 1262 2417 ,,,,,,,,,,,,
1275 2383 1287 2422 9

511 2482 576 2550 Sed
592 2488 666 2571 quia
681 2496 718 2550 tu
733 2485 946 2550 sanctioribus
963 2485 1076 2550 studiis
1094 2494 1272 2570 occupatus
1288 2495 1456 2572 poctarum
1470 2485 1593 2551 fabulas

407 2613 471 2654 non
493 2593 713 2679 perscrutaris
738 2593 814 2656 audi
837 2593 1023 2671 versiculos,
1049 2593 1107 2656 sed
1131 2613 1276 2656 enerues.
1411 2597 1415 2606 '

631 2786 779 2836 Texentem
797 2786 909 2836 offendit
926 2785 1008 2836 telam
1026 2788 1055 2835 in
1073 2785 1255 2852 penetralibus
1273 2788 1341 2848 imis,
1417 2792 1426 2805 “

631 2872 735 2923 Pallam
754 2889 937 2938 marmoream,
956 2889 1113 2940 pugnasque
1136 2876 1254 2924 intexuit
1271 2856 1350 2926 acres*

633 2961 766 3011 Troianae
785 2961 862 3027 pubis
880 2961 1047 3026 Martemque
1064 2961 1174 3012 ferentis
1191 2961 1323 3024 Achaeae,

583 3045 586 3049 ’
634 3051 707 3110 Quas
726 3048 774 3098 sub
793 3047 895 3098 crudeli
914 3053 1021 3114 propter
1039 3063 1067 3098 se
1085 3047 1144 3097 in¹⁰
1162 3083 1434 3099 ..............

511 3221 562 3286 En
585 3243 682 3307 quam
704 3221 871 3286 nobilitata
893 3221 1012 3286 fuerint
1031 3223 1206 3308 antiquitus
1221 3222 1443 3287 huiuscemodi
1459 3223 1592 3301 textilia,

311 3360 313 3364 ⁷
411 3328 528 3412 quibus
559 3327 739 3391 efficiendis
771 3327 844 3390 olim
873 3327 1004 3411 reginae
1034 3350 1073 3392 ac
1105 3329 1253 3392 dominae
1284 3328 1530 3393 florentissimae
1551 3330 1594 3391 in-

410 3432 618 3497 cumbebant.
664 3431 729 3496 Sed
753 3453 812 3516 ego
834 3457 893 3518 pro
915 3455 1049 3497 munere
1071 3433 1136 3511 tali,
1161 3434 1239 3519 quid
1260 3435 1424 3499 remittere
1448 3435 1593 3511 debeam,

380 3527 552 3604 Vnondum
575 3540 651 3602 satis
673 3540 811 3624 repperi.
834 3538 968 3602 Interim
984 3533 1071 3625 ⁴cape
1094 3539 1155 3604 hoc
1177 3547 1273 3604 tenue
1297 3541 1504 3627 epigramma,
1532 3563 1595 3605 non

452 3749 527 3800 1Ηε.
548 3764 702 3818 μνημοσινον.

451 3837 526 3887 ²Hs.
545 3838 648 3888 citabis.

449 3921 594 3990 3ἐλέφαντα
617 3921 643 3972 ἐκ
666 3921 738 3992 μυίας
761 3925 835 3974 ποιεῖν
863 3926 962 3977 Zenob.
987 3926 1034 3976 III.
1060 3927 1102 4000 ⁶⁸1
1123 3927 1172 3978 mit
1202 3925 1248 3976 der
1277 3925 1348 3977 Note
1378 3927 1595 3990 Schneidewin's3

477 4013 581 4063 Erasmi
599 4012 709 4078 Adagia,
729 4013 795 4078 Opp.
815 4014 901 4080 Lugd.
921 4015 980 4063 Bat.
1003 4015 1078 4063 1703.
1098 4007 1210 4064 v01.11·.
1230 4015 1280 4062 359
1291 4014 1322 4072 A.

372 4129 375 4135 ·
449 4101 458 4134 ⁴
476 4102 525 4150 Hs.
543 4101 655 4150 Artaxer
675 4099 746 4165 (cum
764 4099 862 4150 lacuna
881 4103 895 4150 3
914 4100 987 4166 litt).

450 4187 460 4220 5
479 4188 556 4237 Etwa
574 4188 678 4249 itinere,
697 4186 824 4236 Plutarch
842 4184 959 4236 Καθ’ὁδόν

449 4275 460 4308 ⁶
478 4275 548 4326 Plut.
562 4273 688 4340 apophth.
702 4288 773 4339 regg.
786 4278 814 4324 et
829 4274 903 4325 duce.
916 4271 985 4323 Mon
996 4274 1035 4324 ed.
1050 4273 1133 4323 Didot
1145 4275 1166 4324 1.
1180 4275 1238 4336 204,
1255 4276 1294 4332 ll,
1308 4272 1361 4338 vgl.
1371 4273 1442 4322 Plut.
1454 4273 1543 4323 Artos.
1558 4279 1594 4322 12.

450 4361 570 4410 ⁷Liicke
587 4361 630 4410 fiir
648 4362 713 4410 zwei
732 4360 914 4426 Buchstaben3
934 4375 962 4410 es
980 4359 1047 4410 fehlt
1064 4361 1111 4410 III.

451 4447 510 4511 ⁸11.
529 4448 576 4498 III.
598 4450 645 4496 125
665 4465 722 4514 sqq.

450 4535 571 4586 ruueko
589 4536 631 4586 fiir
649 4538 706 4585 vier
725 4537 815 4585 Versa.

439 4623 460 4658 1⁰
477 4622 553 4673 Nach
572 4625 617 4686 ,in‘
629 4623 737 4686 Lucus,
756 4625 784 4672 in
805 4644 834 4666 =
855 4640 894 4686 ηις
913 4624 984 4678 deun
1003 4628 1087 4678 marte
1105 4623 1230 4678 subibant
1249 4623 1313 4676 oder
1331 4622 1493 4676 Aehuliches
1511 4626 1547 4676 ist
1564 4639 1597 4675 zu

478 4728 620 4777 erganzeu.
