<?xml version="1.0" encoding="UTF-8"?>
<!DOCTYPE html PUBLIC "-//W3C//DTD XHTML 1.0 Transitional//EN"
    "http://www.w3.org/TR/xhtml1/DTD/xhtml1-transitional.dtd">
<html xmlns="http://www.w3.org/1999/xhtml" xml:lang="en" lang="en">
 <head>
  <title>
</title>
<meta http-equiv="Content-Type" content="text/html;charset=utf-8" />
  <meta name='ocr-system' content='tesseract 3.04.00' />
  <meta name='ocr-capabilities' content='ocr_page ocr_carea ocr_par ocr_line ocrx_word'/>
</head>
<body>
  <div class='ocr_page' id='page_1' title='image "./erasmusvonrotte00lipsgoog_0108.png"; bbox 0 0 3320 5742; ppageno 0'>
   <div class='ocr_carea' id='block_1_1' title="bbox 383 540 1568 612">
    <p class='ocr_par' dir='ltr' id='par_1_1' title="bbox 383 540 1568 612">
     <span class='ocr_line' id='line_1_1' title="bbox 383 540 1568 612; baseline -0.007 -8"><span class='ocrx_word' id='word_1_1' title='bbox 383 541 444 606; x_wconf 74' lang='lat'>102</span> <span class='ocrx_word' id='word_1_2' title='bbox 904 555 1051 595; x_wconf 78' lang='lat' dir='ltr'>Horawitz.</span> <span class='ocrx_word' id='word_1_3' title='bbox 1481 540 1568 612; x_wconf 72' lang='lat'>[764]</span> 
     </span>
    </p>
   </div>
   <div class='ocr_carea' id='block_1_2' title="bbox 376 727 1569 1740">
    <p class='ocr_par' dir='ltr' id='par_1_2' title="bbox 376 727 1569 1740">
     <span class='ocr_line' id='line_1_2' title="bbox 380 727 1568 816; baseline -0.007 -18"><span class='ocrx_word' id='word_1_4' title='bbox 380 757 462 816; x_wconf 85' lang='lat' dir='ltr'>cam,</span> <span class='ocrx_word' id='word_1_5' title='bbox 486 732 682 798; x_wconf 78' lang='lat' dir='ltr'>Caranzam¹</span> <span class='ocrx_word' id='word_1_6' title='bbox 711 741 744 795; x_wconf 89' lang='lat' dir='ltr'>et</span> <span class='ocrx_word' id='word_1_7' title='bbox 758 733 939 795; x_wconf 89' lang='lat' dir='ltr'>Huttenum</span> <span class='ocrx_word' id='word_1_8' title='bbox 964 729 1043 816; x_wconf 91' lang='lat' dir='ltr'>(non</span> <span class='ocrx_word' id='word_1_9' title='bbox 1060 729 1297 794; x_wconf 87' lang='lat' dir='ltr'>contemnenda</span> <span class='ocrx_word' id='word_1_10' title='bbox 1313 738 1401 792; x_wconf 84' lang='lat' dir='ltr'>certe</span> <span class='ocrx_word' id='word_1_11' title='bbox 1424 727 1568 812; x_wconf 85' lang='lat' dir='ltr'>nomina)</span> 
     </span>
     <span class='ocr_line' id='line_1_3' title="bbox 379 833 1569 924; baseline -0.006 -22"><span class='ocrx_word' id='word_1_12' title='bbox 379 841 578 924; x_wconf 88' lang='lat' dir='ltr'>prorepsisse</span> <span class='ocrx_word' id='word_1_13' title='bbox 602 837 754 903; x_wconf 91' lang='lat' dir='ltr'>Ottonem</span> <span class='ocrx_word' id='word_1_14' title='bbox 786 837 956 922; x_wconf 83' lang='lat' dir='ltr'><strong>quendam,</strong></span> <span class='ocrx_word' id='word_1_15' title='bbox 989 835 1063 899; x_wconf 91' lang='lat' dir='ltr'>olim</span> <span class='ocrx_word' id='word_1_16' title='bbox 1094 833 1331 915; x_wconf 81' lang='lat' dir='ltr'>Cartusianum,</span> <span class='ocrx_word' id='word_1_17' title='bbox 1360 855 1448 896; x_wconf 90' lang='lat' dir='ltr'>nunc</span> <span class='ocrx_word' id='word_1_18' title='bbox 1481 835 1569 896; x_wconf 88' lang='lat' dir='ltr'>mari-</span> 
     </span>
     <span class='ocr_line' id='line_1_4' title="bbox 378 939 1568 1029; baseline -0.006 -23"><span class='ocrx_word' id='word_1_19' title='bbox 378 952 456 1021; x_wconf 91' lang='lat' dir='ltr'>tum,</span> <span class='ocrx_word' id='word_1_20' title='bbox 489 946 609 1029; x_wconf 89' lang='lat' dir='ltr'>quippe</span> <span class='ocrx_word' id='word_1_21' title='bbox 640 945 761 1008; x_wconf 91' lang='lat' dir='ltr'>Lutero</span> <span class='ocrx_word' id='word_1_22' title='bbox 793 942 954 1017; x_wconf 90' lang='lat' dir='ltr'>deuotum,</span> <span class='ocrx_word' id='word_1_23' title='bbox 988 942 1042 1024; x_wconf 94' lang='lat' dir='ltr'>qui</span> <span class='ocrx_word' id='word_1_24' title='bbox 1073 939 1245 1002; x_wconf 77' lang='lat' dir='ltr'>virulentia</span> <span class='ocrx_word' id='word_1_25' title='bbox 1275 939 1390 1015; x_wconf 90' lang='lat' dir='ltr'>Leum,</span> <span class='ocrx_word' id='word_1_26' title='bbox 1423 941 1568 1001; x_wconf 87' lang='lat' dir='ltr'>conuitiis</span> 
     </span>
     <span class='ocr_line' id='line_1_5' title="bbox 378 1042 1568 1132; baseline -0.005 -20"><span class='ocrx_word' id='word_1_27' title='bbox 378 1049 559 1112; x_wconf 90' lang='lat' dir='ltr'>Huttenum</span> <span class='ocrx_word' id='word_1_28' title='bbox 584 1050 739 1132; x_wconf 71' lang='lat' dir='ltr'>superat.‘²</span> <span class='ocrx_word' id='word_1_29' title='bbox 784 1047 835 1110; x_wconf 84' lang='lat' dir='ltr'>Tu</span> <span class='ocrx_word' id='word_1_30' title='bbox 858 1048 885 1108; x_wconf 91' lang='lat' dir='ltr'>si</span> <span class='ocrx_word' id='word_1_31' title='bbox 909 1045 987 1130; x_wconf 91' lang='lat' dir='ltr'>quid</span> <span class='ocrx_word' id='word_1_32' title='bbox 1011 1047 1167 1128; x_wconf 76' lang='lat' dir='ltr'>comperti</span> <span class='ocrx_word' id='word_1_33' title='bbox 1190 1044 1301 1120; x_wconf 87' lang='lat' dir='ltr'>habes,</span> <span class='ocrx_word' id='word_1_34' title='bbox 1327 1045 1444 1106; x_wconf 81' lang='lat' dir='ltr'>scribe.</span> <span class='ocrx_word' id='word_1_35' title='bbox 1487 1042 1568 1106; x_wconf 92' lang='lat' dir='ltr'>Indi-</span> 
     </span>
     <span class='ocr_line' id='line_1_6' title="bbox 379 1148 1568 1238; baseline -0.006 -22"><span class='ocrx_word' id='word_1_36' title='bbox 379 1176 451 1218; x_wconf 90' lang='lat' dir='ltr'>cem</span> <span class='ocrx_word' id='word_1_37' title='bbox 465 1176 610 1238; x_wconf 70' lang='lat' dir='ltr'>,operum</span> <span class='ocrx_word' id='word_1_38' title='bbox 632 1153 863 1228; x_wconf 79' lang='lat' dir='ltr'>Tullia-norum,</span> <span class='ocrx_word' id='word_1_39' title='bbox 888 1172 971 1234; x_wconf 93' lang='lat' dir='ltr'>quae</span> <span class='ocrx_word' id='word_1_40' title='bbox 994 1149 1082 1234; x_wconf 91' lang='lat' dir='ltr'>apud</span> <span class='ocrx_word' id='word_1_41' title='bbox 1105 1172 1163 1212; x_wconf 89' lang='lat' dir='ltr'>nos</span> <span class='ocrx_word' id='word_1_42' title='bbox 1187 1157 1270 1226; x_wconf 81' lang='lat' dir='ltr'>sunt,</span> <span class='ocrx_word' id='word_1_43' title='bbox 1296 1151 1321 1211; x_wconf 92' lang='lat' dir='ltr'>si</span> <span class='ocrx_word' id='word_1_44' title='bbox 1345 1152 1448 1233; x_wconf 87' lang='lat' dir='ltr'>cupis,</span> <span class='ocrx_word' id='word_1_45' title='bbox 1475 1148 1520 1212; x_wconf 90' lang='lat' dir='ltr'>ad</span> <span class='ocrx_word' id='word_1_46' title='bbox 1541 1158 1568 1210; x_wconf 89' lang='lat' dir='ltr'>te</span> 
     </span>
     <span class='ocr_line' id='line_1_7' title="bbox 378 1251 1568 1339; baseline -0.007 -17"><span class='ocrx_word' id='word_1_47' title='bbox 378 1258 471 1323; x_wconf 86' lang='lat' dir='ltr'>dabo.</span> <span class='ocrx_word' id='word_1_48' title='bbox 519 1257 627 1322; x_wconf 82' lang='lat' dir='ltr'>Solet³</span> <span class='ocrx_word' id='word_1_49' title='bbox 657 1259 743 1320; x_wconf 92' lang='lat' dir='ltr'>enim</span> <span class='ocrx_word' id='word_1_50' title='bbox 766 1256 895 1339; x_wconf 87' lang='lat' dir='ltr'>gloriari</span> <span class='ocrx_word' id='word_1_51' title='bbox 934 1264 1042 1318; x_wconf 90' lang='lat' dir='ltr'>noster</span> <span class='ocrx_word' id='word_1_52' title='bbox 1072 1253 1216 1318; x_wconf 89' lang='lat' dir='ltr'>Iuhanus</span> <span class='ocrx_word' id='word_1_53' title='bbox 1247 1255 1354 1316; x_wconf 91' lang='lat' dir='ltr'>omnia</span> <span class='ocrx_word' id='word_1_54' title='bbox 1383 1275 1419 1315; x_wconf 90' lang='lat' dir='ltr'>se</span> <span class='ocrx_word' id='word_1_55' title='bbox 1448 1251 1568 1316; x_wconf 87' lang='lat' dir='ltr'>habere</span> 
     </span>
     <span class='ocr_line' id='line_1_8' title="bbox 378 1356 1569 1446; baseline -0.006 -20"><span class='ocrx_word' id='word_1_56' title='bbox 378 1362 542 1426; x_wconf 79' lang='lat' dir='ltr'>Ciceronis</span> <span class='ocrx_word' id='word_1_57' title='bbox 573 1384 680 1446; x_wconf 86' lang='lat' dir='ltr'>opera,</span> <span class='ocrx_word' id='word_1_58' title='bbox 712 1383 796 1446; x_wconf 88' lang='lat' dir='ltr'>quae</span> <span class='ocrx_word' id='word_1_59' title='bbox 826 1359 959 1446; x_wconf 89' lang='lat' dir='ltr'>quidem</span> <span class='ocrx_word' id='word_1_60' title='bbox 990 1367 1112 1423; x_wconf 85' lang='lat' dir='ltr'>extant.</span> <span class='ocrx_word' id='word_1_61' title='bbox 1158 1358 1241 1422; x_wconf 86' lang='lat' dir='ltr'>Vale</span> <span class='ocrx_word' id='word_1_62' title='bbox 1272 1366 1305 1420; x_wconf 90' lang='lat' dir='ltr'>et</span> <span class='ocrx_word' id='word_1_63' title='bbox 1334 1366 1427 1421; x_wconf 88' lang='lat' dir='ltr'>utere</span> <span class='ocrx_word' id='word_1_64' title='bbox 1458 1356 1569 1420; x_wconf 89' lang='lat' dir='ltr'>biblio·</span> 
     </span>
     <span class='ocr_line' id='line_1_9' title="bbox 377 1463 1569 1546; baseline -0.003 -16"><span class='ocrx_word' id='word_1_65' title='bbox 377 1467 475 1530; x_wconf 87' lang='lat' dir='ltr'>theca</span> <span class='ocrx_word' id='word_1_66' title='bbox 496 1474 616 1543; x_wconf 87' lang='lat' dir='ltr'>nostra,</span> <span class='ocrx_word' id='word_1_67' title='bbox 640 1464 786 1528; x_wconf 90' lang='lat' dir='ltr'>utlibet.</span> <span class='ocrx_word' id='word_1_68' title='bbox 834 1464 868 1528; x_wconf 83' lang='lat' dir='ltr'>Si</span> <span class='ocrx_word' id='word_1_69' title='bbox 890 1487 954 1527; x_wconf 91' lang='lat' dir='ltr'>non</span> <span class='ocrx_word' id='word_1_70' title='bbox 985 1470 1120 1546; x_wconf 83' lang='lat' dir='ltr'>grauate</span> <span class='ocrx_word' id='word_1_71' title='bbox 1150 1463 1347 1545; x_wconf 87' lang='lat' dir='ltr'>admitteres,</span> <span class='ocrx_word' id='word_1_72' title='bbox 1379 1463 1502 1526; x_wconf 91' lang='lat' dir='ltr'>vellem</span> <span class='ocrx_word' id='word_1_73' title='bbox 1532 1463 1569 1526; x_wconf 85' lang='lat' dir='ltr'>ad</span> 
     </span>
     <span class='ocr_line' id='line_1_10' title="bbox 377 1567 1567 1653; baseline -0.005 -18"><span class='ocrx_word' id='word_1_74' title='bbox 377 1594 429 1634; x_wconf 91' lang='lat' dir='ltr'>me</span> <span class='ocrx_word' id='word_1_75' title='bbox 460 1571 529 1634; x_wconf 92' lang='lat' dir='ltr'>dari</span> <span class='ocrx_word' id='word_1_76' title='bbox 558 1571 805 1634; x_wconf 83' lang='lat' dir='ltr'>Nazianzenum</span> <span class='ocrx_word' id='word_1_77' title='bbox 829 1569 1032 1653; x_wconf 79' lang='lat' dir='ltr'>Gregorium,</span> <span class='ocrx_word' id='word_1_78' title='bbox 1068 1568 1110 1631; x_wconf 89' lang='lat' dir='ltr'>ab</span> <span class='ocrx_word' id='word_1_79' title='bbox 1141 1567 1276 1630; x_wconf 83' lang='lat' dir='ltr'>Erasmo</span> <span class='ocrx_word' id='word_1_80' title='bbox 1310 1567 1370 1630; x_wconf 89' lang='lat' dir='ltr'>tibi</span> <span class='ocrx_word' id='word_1_81' title='bbox 1405 1567 1567 1630; x_wconf 90' lang='lat' dir='ltr'>donatum.</span> 
     </span>
     <span class='ocr_line' id='line_1_11' title="bbox 376 1672 1568 1740; baseline -0.005 0"><span class='ocrx_word' id='word_1_82' title='bbox 376 1677 498 1740; x_wconf 89' lang='lat' dir='ltr'>Iterum</span> <span class='ocrx_word' id='word_1_83' title='bbox 520 1675 593 1740; x_wconf 88' lang='lat' dir='ltr'>vale</span> <span class='ocrx_word' id='word_1_84' title='bbox 622 1683 655 1738; x_wconf 85' lang='lat' dir='ltr'>et</span> <span class='ocrx_word' id='word_1_85' title='bbox 684 1675 818 1738; x_wconf 90' lang='lat' dir='ltr'>salutem</span> <span class='ocrx_word' id='word_1_86' title='bbox 849 1697 892 1738; x_wconf 83' lang='lat' dir='ltr'>ex</span> <span class='ocrx_word' id='word_1_87' title='bbox 921 1695 973 1737; x_wconf 89' lang='lat' dir='ltr'>me</span> <span class='ocrx_word' id='word_1_88' title='bbox 1004 1672 1093 1736; x_wconf 89' lang='lat' dir='ltr'>dices</span> <span class='ocrx_word' id='word_1_89' title='bbox 1124 1672 1310 1736; x_wconf 90' lang='lat' dir='ltr'>venerando</span> <span class='ocrx_word' id='word_1_90' title='bbox 1333 1680 1443 1736; x_wconf 89' lang='lat' dir='ltr'>uestro</span> <span class='ocrx_word' id='word_1_91' title='bbox 1466 1673 1568 1735; x_wconf 91' lang='lat' dir='ltr'>Priori</span> 
     </span>
    </p>
   </div>
   <div class='ocr_carea' id='block_1_3' title="bbox 375 1779 1159 1967">
    <p class='ocr_par' dir='ltr' id='par_1_3' title="bbox 375 1779 1159 1967">
     <span class='ocr_line' id='line_1_12' title="bbox 375 1779 667 1848; baseline -0.021 0"><span class='ocrx_word' id='word_1_92' title='bbox 375 1783 489 1848; x_wconf 89' lang='lat' dir='ltr'>Ioanni</span> <span class='ocrx_word' id='word_1_93' title='bbox 512 1779 667 1844; x_wconf 91' lang='lat' dir='ltr'>Arnoldo.</span> 
     </span>
     <span class='ocr_line' id='line_1_13' title="bbox 479 1883 1159 1967; baseline -0.006 -19"><span class='ocrx_word' id='word_1_94' title='bbox 479 1886 533 1950; x_wconf 83' lang='lat' dir='ltr'>Ex</span> <span class='ocrx_word' id='word_1_95' title='bbox 554 1884 678 1960; x_wconf 80' lang='lat' dir='ltr'>throno,</span> <span class='ocrx_word' id='word_1_96' title='bbox 703 1883 839 1946; x_wconf 89' lang='lat' dir='ltr'>sabbato</span> <span class='ocrx_word' id='word_1_97' title='bbox 862 1891 935 1967; x_wconf 89' lang='lat' dir='ltr'>post</span> <span class='ocrx_word' id='word_1_98' title='bbox 958 1883 1159 1946; x_wconf 87' lang='lat' dir='ltr'>sacramenti.</span> 
     </span>
    </p>
   </div>
   <div class='ocr_carea' id='block_1_4' title="bbox 480 2007 953 2071">
    <p class='ocr_par' dir='ltr' id='par_1_4' title="bbox 480 2007 953 2071">
     <span class='ocr_line' id='line_1_14' title="bbox 480 2007 953 2071; baseline -0.006 -12"><span class='ocrx_word' id='word_1_99' title='bbox 480 2009 536 2060; x_wconf 89' lang='lat' dir='ltr'>Aus</span> <span class='ocrx_word' id='word_1_100' title='bbox 554 2008 614 2059; x_wconf 83' lang='lat' dir='ltr'>dem</span> <span class='ocrx_word' id='word_1_101' title='bbox 634 2007 697 2058; x_wconf 83' lang='lat' dir='ltr'>cod.</span> <span class='ocrx_word' id='word_1_102' title='bbox 717 2008 781 2058; x_wconf 91' lang='lat' dir='ltr'>Hor.</span> <span class='ocrx_word' id='word_1_103' title='bbox 800 2007 831 2056; x_wconf 87' lang='lat' dir='ltr'>A.</span> <span class='ocrx_word' id='word_1_104' title='bbox 850 2024 874 2071; x_wconf 89' lang='lat' dir='ltr'>p.</span> <span class='ocrx_word' id='word_1_105' title='bbox 896 2009 953 2056; x_wconf 79' lang='lat'>128.</span> 
     </span>
    </p>
   </div>
   <div class='ocr_carea' id='block_1_5' title="bbox 894 2229 1052 2296">
    <p class='ocr_par' dir='ltr' id='par_1_5' title="bbox 894 2229 1052 2296">
     <span class='ocr_line' id='line_1_15' title="bbox 894 2229 1052 2296; baseline -0.013 0"><span class='ocrx_word' id='word_1_106' title='bbox 894 2229 1052 2296; x_wconf 89' lang='lat' dir='ltr'>LXXHI.</span> 
     </span>
    </p>
   </div>
   <div class='ocr_carea' id='block_1_6' title="bbox 567 2393 1381 2501">
    <p class='ocr_par' dir='ltr' id='par_1_6' title="bbox 567 2393 1381 2501">
     <span class='ocr_line' id='line_1_16' title="bbox 567 2393 1381 2501; baseline -0.001 -11"><span class='ocrx_word' id='word_1_107' title='bbox 567 2437 716 2492; x_wconf 84' lang='lat' dir='ltr'>Iacobus</span> <span class='ocrx_word' id='word_1_108' title='bbox 741 2433 992 2490; x_wconf 80' lang='lat' dir='ltr'>Gortebachius</span> <span class='ocrx_word' id='word_1_109' title='bbox 1016 2435 1169 2489; x_wconf 82' lang='lat' dir='ltr'>Martino</span> <span class='ocrx_word' id='word_1_110' title='bbox 1192 2435 1327 2501; x_wconf 83' lang='lat' dir='ltr'>Lypsio</span> <span class='ocrx_word' id='word_1_111' title='bbox 1351 2393 1381 2489; x_wconf 52' lang='lat' dir='ltr'>S‘.</span> 
     </span>
    </p>
   </div>
   <div class='ocr_carea' id='block_1_7' title="bbox 375 2618 1631 4628">
    <p class='ocr_par' dir='ltr' id='par_1_7' title="bbox 375 2618 1631 4277">
     <span class='ocr_line' id='line_1_17' title="bbox 482 2618 1567 2703; baseline -0.005 -18"><span class='ocrx_word' id='word_1_112' title='bbox 482 2621 645 2685; x_wconf 89' lang='lat' dir='ltr'>Rediisset</span> <span class='ocrx_word' id='word_1_113' title='bbox 667 2620 708 2683; x_wconf 93' lang='lat' dir='ltr'>ad</span> <span class='ocrx_word' id='word_1_114' title='bbox 731 2628 763 2682; x_wconf 91' lang='lat' dir='ltr'>te</span> <span class='ocrx_word' id='word_1_115' title='bbox 788 2641 860 2682; x_wconf 88' lang='lat' dir='ltr'>cum</span> <span class='ocrx_word' id='word_1_116' title='bbox 883 2618 944 2682; x_wconf 90' lang='lat' dir='ltr'>hoo</span> <span class='ocrx_word' id='word_1_117' title='bbox 967 2619 1066 2683; x_wconf 88' lang='lat' dir='ltr'>fratre</span> <span class='ocrx_word' id='word_1_118' title='bbox 1089 2627 1163 2681; x_wconf 91' lang='lat' dir='ltr'>tuus</span> <span class='ocrx_word' id='word_1_119' title='bbox 1187 2618 1389 2702; x_wconf 73' lang='lat' dir='ltr'>Gregorius,⁴</span> <span class='ocrx_word' id='word_1_120' title='bbox 1416 2622 1481 2682; x_wconf 91' lang='lat' dir='ltr'>nisi</span> <span class='ocrx_word' id='word_1_121' title='bbox 1512 2641 1567 2703; x_wconf 82' lang='lat' dir='ltr'>ego</span> 
     </span>
     <span class='ocr_line' id='line_1_18' title="bbox 377 2722 1565 2812; baseline -0.004 -22"><span class='ocrx_word' id='word_1_122' title='bbox 377 2749 450 2790; x_wconf 90' lang='lat' dir='ltr'>eum</span> <span class='ocrx_word' id='word_1_123' title='bbox 474 2725 575 2812; x_wconf 83' lang='lat' dir='ltr'>(quod</span> <span class='ocrx_word' id='word_1_124' title='bbox 598 2748 672 2788; x_wconf 90' lang='lat' dir='ltr'>cum</span> <span class='ocrx_word' id='word_1_125' title='bbox 696 2725 792 2788; x_wconf 86' lang='lat' dir='ltr'>venia</span> <span class='ocrx_word' id='word_1_126' title='bbox 814 2732 870 2786; x_wconf 92' lang='lat' dir='ltr'>tua</span> <span class='ocrx_word' id='word_1_127' title='bbox 892 2724 1015 2788; x_wconf 87' lang='lat' dir='ltr'>factum</span> <span class='ocrx_word' id='word_1_128' title='bbox 1038 2722 1151 2810; x_wconf 87' lang='lat' dir='ltr'>velim)</span> <span class='ocrx_word' id='word_1_129' title='bbox 1175 2723 1263 2808; x_wconf 89' lang='lat' dir='ltr'>apud</span> <span class='ocrx_word' id='word_1_130' title='bbox 1279 2745 1330 2786; x_wconf 91' lang='lat' dir='ltr'>me</span> <span class='ocrx_word' id='word_1_131' title='bbox 1347 2724 1565 2788; x_wconf 84' lang='lat' dir='ltr'>detinuissem.</span> 
     </span>
     <span class='ocr_line' id='line_1_19' title="bbox 376 2829 1566 2915; baseline -0.003 -21"><span class='ocrx_word' id='word_1_132' title='bbox 376 2831 447 2894; x_wconf 90' lang='lat' dir='ltr'>Iam</span> <span class='ocrx_word' id='word_1_133' title='bbox 471 2831 556 2893; x_wconf 90' lang='lat' dir='ltr'>enim</span> <span class='ocrx_word' id='word_1_134' title='bbox 580 2829 667 2915; x_wconf 87' lang='lat' dir='ltr'>apud</span> <span class='ocrx_word' id='word_1_135' title='bbox 691 2837 834 2891; x_wconf 85' lang='lat' dir='ltr'>nostrum</span> <span class='ocrx_word' id='word_1_136' title='bbox 866 2829 1068 2913; x_wconf 89' lang='lat' dir='ltr'>suppriorem</span> <span class='ocrx_word' id='word_1_137' title='bbox 1098 2836 1211 2911; x_wconf 85' lang='lat' dir='ltr'>gratus</span> <span class='ocrx_word' id='word_1_138' title='bbox 1241 2851 1281 2892; x_wconf 94' lang='lat' dir='ltr'>ac</span> <span class='ocrx_word' id='word_1_139' title='bbox 1312 2829 1420 2891; x_wconf 88' lang='lat' dir='ltr'>suauis</span> <span class='ocrx_word' id='word_1_140' title='bbox 1451 2829 1566 2913; x_wconf 80' lang='lat' dir='ltr'>hospes</span> 
     </span>
     <span class='ocr_line' id='line_1_20' title="bbox 377 2931 1566 3019; baseline -0.002 -20"><span class='ocrx_word' id='word_1_141' title='bbox 377 2957 448 2999; x_wconf 90' lang='lat' dir='ltr'>esse</span> <span class='ocrx_word' id='word_1_142' title='bbox 473 2935 622 3012; x_wconf 80' lang='lat' dir='ltr'>desierat,</span> <span class='ocrx_word' id='word_1_143' title='bbox 648 2933 688 2998; x_wconf 92' lang='lat' dir='ltr'>ob</span> <span class='ocrx_word' id='word_1_144' title='bbox 709 2933 743 2996; x_wconf 96' lang='lat' dir='ltr'>id</span> <span class='ocrx_word' id='word_1_145' title='bbox 760 2933 846 3019; x_wconf 93' lang='lat' dir='ltr'>quod</span> <span class='ocrx_word' id='word_1_146' title='bbox 859 2931 1007 2998; x_wconf 79' lang='lat' dir='ltr'>Graecus</span> <span class='ocrx_word' id='word_1_147' title='bbox 1024 2934 1073 3010; x_wconf 89' lang='lat' dir='ltr'>sit,</span> <span class='ocrx_word' id='word_1_148' title='bbox 1097 2934 1225 3016; x_wconf 81' lang='lat' dir='ltr'>ignotae</span> <span class='ocrx_word' id='word_1_149' title='bbox 1249 2934 1401 2996; x_wconf 91' lang='lat' dir='ltr'>nimirum</span> <span class='ocrx_word' id='word_1_150' title='bbox 1424 2942 1457 2996; x_wconf 92' lang='lat' dir='ltr'>et</span> <span class='ocrx_word' id='word_1_151' title='bbox 1479 2957 1566 3019; x_wconf 90' lang='lat' dir='ltr'>pere·</span> 
     </span>
     <span class='ocr_line' id='line_1_21' title="bbox 379 3037 1565 3125; baseline -0.001 -23"><span class='ocrx_word' id='word_1_152' title='bbox 379 3042 491 3125; x_wconf 82' lang='lat' dir='ltr'>grinae</span> <span class='ocrx_word' id='word_1_153' title='bbox 507 3039 645 3124; x_wconf 84' lang='lat' dir='ltr'>linguae,</span> <span class='ocrx_word' id='word_1_154' title='bbox 670 3061 734 3124; x_wconf 89' lang='lat' dir='ltr'>qua</span> <span class='ocrx_word' id='word_1_155' title='bbox 749 3060 814 3102; x_wconf 91' lang='lat' dir='ltr'>non</span> <span class='ocrx_word' id='word_1_156' title='bbox 829 3039 933 3122; x_wconf 83' lang='lat' dir='ltr'>magis</span> <span class='ocrx_word' id='word_1_157' title='bbox 950 3037 1105 3102; x_wconf 86' lang='lat' dir='ltr'>delectari</span> <span class='ocrx_word' id='word_1_158' title='bbox 1120 3039 1233 3123; x_wconf 91' lang='lat' dir='ltr'>potuit,</span> <span class='ocrx_word' id='word_1_159' title='bbox 1259 3061 1357 3124; x_wconf 92' lang='lat' dir='ltr'>quam</span> <span class='ocrx_word' id='word_1_160' title='bbox 1373 3039 1415 3102; x_wconf 95' lang='lat' dir='ltr'>ad</span> <span class='ocrx_word' id='word_1_161' title='bbox 1432 3061 1565 3104; x_wconf 90' lang='lat' dir='ltr'>suauem</span> 
     </span>
     <span class='ocr_line' id='line_1_22' title="bbox 377 3143 1565 3232; baseline -0.003 -23"><span class='ocrx_word' id='word_1_162' title='bbox 377 3146 569 3209; x_wconf 86' lang='lat' dir='ltr'>cantilenam</span> <span class='ocrx_word' id='word_1_163' title='bbox 602 3143 755 3232; x_wconf 84' lang='lat' dir='ltr'>delectari</span> <span class='ocrx_word' id='word_1_164' title='bbox 788 3143 890 3207; x_wconf 81' lang='lat' dir='ltr'>solent</span> <span class='ocrx_word' id='word_1_165' title='bbox 920 3143 1019 3206; x_wconf 89' lang='lat' dir='ltr'>surdi.</span> <span class='ocrx_word' id='word_1_166' title='bbox 1064 3145 1164 3207; x_wconf 92' lang='lat' dir='ltr'>Porro</span> <span class='ocrx_word' id='word_1_167' title='bbox 1194 3144 1282 3229; x_wconf 89' lang='lat' dir='ltr'>apud</span> <span class='ocrx_word' id='word_1_168' title='bbox 1320 3166 1381 3221; x_wconf 86' lang='lat' dir='ltr'>me,</span> <span class='ocrx_word' id='word_1_169' title='bbox 1418 3146 1565 3230; x_wconf 87' lang='lat' dir='ltr'>quamuis</span> 
     </span>
     <span class='ocr_line' id='line_1_23' title="bbox 379 3243 1566 3334; baseline -0.002 -20"><span class='ocrx_word' id='word_1_170' title='bbox 379 3251 493 3314; x_wconf 88' lang='lat' dir='ltr'>eodem</span> <span class='ocrx_word' id='word_1_171' title='bbox 516 3251 618 3313; x_wconf 88' lang='lat' dir='ltr'>ferme</span> <span class='ocrx_word' id='word_1_172' title='bbox 641 3248 765 3312; x_wconf 81' lang='lat' dir='ltr'>laboret</span> <span class='ocrx_word' id='word_1_173' title='bbox 788 3249 1001 3326; x_wconf 89' lang='lat' dir='ltr'>incommod0,</span> <span class='ocrx_word' id='word_1_174' title='bbox 1026 3243 1134 3312; x_wconf 87' lang='lat' dir='ltr'>tamen</span> <span class='ocrx_word' id='word_1_175' title='bbox 1157 3272 1222 3314; x_wconf 89' lang='lat' dir='ltr'>non</span> <span class='ocrx_word' id='word_1_176' title='bbox 1239 3271 1310 3312; x_wconf 91' lang='lat' dir='ltr'>sum</span> <span class='ocrx_word' id='word_1_177' title='bbox 1326 3249 1422 3312; x_wconf 89' lang='lat' dir='ltr'>huius</span> <span class='ocrx_word' id='word_1_178' title='bbox 1439 3250 1566 3334; x_wconf 83' lang='lat' dir='ltr'>linguae</span> 
     </span>
     <span class='ocr_line' id='line_1_24' title="bbox 378 3353 1566 3438; baseline -0.001 -20"><span class='ocrx_word' id='word_1_179' title='bbox 378 3365 445 3419; x_wconf 91' lang='lat' dir='ltr'>tam</span> <span class='ocrx_word' id='word_1_180' title='bbox 468 3356 568 3437; x_wconf 86' lang='lat' dir='ltr'>rudis,</span> <span class='ocrx_word' id='word_1_181' title='bbox 591 3362 627 3417; x_wconf 89' lang='lat' dir='ltr'>ut</span> <span class='ocrx_word' id='word_1_182' title='bbox 650 3355 777 3418; x_wconf 90' lang='lat' dir='ltr'>omnino</span> <span class='ocrx_word' id='word_1_183' title='bbox 800 3353 919 3416; x_wconf 89' lang='lat' dir='ltr'>frustra</span> <span class='ocrx_word' id='word_1_184' title='bbox 943 3353 1022 3418; x_wconf 91' lang='lat' dir='ltr'>mihi</span> <span class='ocrx_word' id='word_1_185' title='bbox 1045 3353 1179 3438; x_wconf 90' lang='lat' dir='ltr'>perinde</span> <span class='ocrx_word' id='word_1_186' title='bbox 1195 3362 1292 3438; x_wconf 89' lang='lat' dir='ltr'>atque</span> <span class='ocrx_word' id='word_1_187' title='bbox 1309 3355 1407 3418; x_wconf 91' lang='lat' dir='ltr'>surdo</span> <span class='ocrx_word' id='word_1_188' title='bbox 1431 3357 1474 3418; x_wconf 87' lang='lat' dir='ltr'>sit</span> <span class='ocrx_word' id='word_1_189' title='bbox 1496 3377 1566 3418; x_wconf 93' lang='lat' dir='ltr'>can-</span> 
     </span>
     <span class='ocr_line' id='line_1_25' title="bbox 375 3459 1565 3543; baseline -0.002 -20"><span class='ocrx_word' id='word_1_190' title='bbox 375 3469 510 3524; x_wconf 88' lang='lat' dir='ltr'>taturus.</span> <span class='ocrx_word' id='word_1_191' title='bbox 556 3459 601 3524; x_wconf 85' lang='lat' dir='ltr'>At</span> <span class='ocrx_word' id='word_1_192' title='bbox 623 3459 758 3543; x_wconf 82' lang='lat' dir='ltr'>proinde</span> <span class='ocrx_word' id='word_1_193' title='bbox 787 3467 819 3522; x_wconf 88' lang='lat' dir='ltr'>te</span> <span class='ocrx_word' id='word_1_194' title='bbox 843 3459 987 3535; x_wconf 88' lang='lat' dir='ltr'>obsecr0,</span> <span class='ocrx_word' id='word_1_195' title='bbox 1022 3460 1067 3522; x_wconf 89' lang='lat' dir='ltr'>mi</span> <span class='ocrx_word' id='word_1_196' title='bbox 1090 3459 1239 3536; x_wconf 87' lang='lat' dir='ltr'>Martine,</span> <span class='ocrx_word' id='word_1_197' title='bbox 1272 3467 1307 3530; x_wconf 88' lang='lat' dir='ltr'>ut</span> <span class='ocrx_word' id='word_1_198' title='bbox 1335 3466 1403 3523; x_wconf 90' lang='lat' dir='ltr'>tam</span> <span class='ocrx_word' id='word_1_199' title='bbox 1434 3481 1565 3524; x_wconf 88' lang='lat' dir='ltr'>suauem</span> 
     </span>
     <span class='ocr_line' id='line_1_26' title="bbox 376 3563 1566 3650; baseline -0.002 -22"><span class='ocrx_word' id='word_1_200' title='bbox 376 3566 545 3649; x_wconf 89' lang='lat' dir='ltr'>hospitem,</span> <span class='ocrx_word' id='word_1_201' title='bbox 571 3566 661 3627; x_wconf 91' lang='lat' dir='ltr'>cuius</span> <span class='ocrx_word' id='word_1_202' title='bbox 682 3564 791 3648; x_wconf 89' lang='lat' dir='ltr'>lepore</span> <span class='ocrx_word' id='word_1_203' title='bbox 808 3572 905 3648; x_wconf 89' lang='lat' dir='ltr'>atque</span> <span class='ocrx_word' id='word_1_204' title='bbox 921 3563 1074 3628; x_wconf 89' lang='lat' dir='ltr'>facundia</span> <span class='ocrx_word' id='word_1_205' title='bbox 1090 3565 1184 3628; x_wconf 88' lang='lat' dir='ltr'>unice</span> <span class='ocrx_word' id='word_1_206' title='bbox 1208 3563 1359 3641; x_wconf 91' lang='lat' dir='ltr'>delector,</span> <span class='ocrx_word' id='word_1_207' title='bbox 1384 3565 1566 3650; x_wconf 79' lang='lat' dir='ltr'>paulisper⁵</span> 
     </span>
     <span class='ocr_line' id='line_1_27' title="bbox 376 3667 1631 3766; baseline -0.002 -34"><span class='ocrx_word' id='word_1_208' title='bbox 376 3668 484 3733; x_wconf 87' lang='lat' dir='ltr'>adhuc</span> <span class='ocrx_word' id='word_1_209' title='bbox 508 3669 586 3732; x_wconf 92' lang='lat' dir='ltr'>mihi</span> <span class='ocrx_word' id='word_1_210' title='bbox 610 3670 787 3753; x_wconf 87' lang='lat' dir='ltr'>permittas,</span> <span class='ocrx_word' id='word_1_211' title='bbox 811 3669 991 3732; x_wconf 90' lang='lat' dir='ltr'>rediturum</span> <span class='ocrx_word' id='word_1_212' title='bbox 1018 3668 1061 3732; x_wconf 91' lang='lat' dir='ltr'>ad</span> <span class='ocrx_word' id='word_1_213' title='bbox 1083 3676 1126 3749; x_wconf 86' lang='lat' dir='ltr'>te,</span> <span class='ocrx_word' id='word_1_214' title='bbox 1155 3668 1232 3731; x_wconf 91' lang='lat' dir='ltr'>dum</span> <span class='ocrx_word' id='word_1_215' title='bbox 1256 3669 1396 3752; x_wconf 82' lang='lat' dir='ltr'>iusseris.</span> <span class='ocrx_word' id='word_1_216' title='bbox 1432 3667 1566 3754; x_wconf 85' lang='lat' dir='ltr'>Siquid</span> <span class='ocrx_word' id='word_1_217' title='bbox 1630 3721 1631 3766; x_wconf 38' lang='lat' dir='ltr'>q</span> 
     </span>
     <span class='ocr_line' id='line_1_28' title="bbox 376 3773 1631 3859; baseline -0.001 -24"><span class='ocrx_word' id='word_1_218' title='bbox 376 3775 519 3836; x_wconf 90' lang='lat' dir='ltr'>vicissim</span> <span class='ocrx_word' id='word_1_219' title='bbox 542 3775 625 3838; x_wconf 89' lang='lat' dir='ltr'>nosti</span> <span class='ocrx_word' id='word_1_220' title='bbox 648 3773 736 3859; x_wconf 91' lang='lat' dir='ltr'>apud</span> <span class='ocrx_word' id='word_1_221' title='bbox 759 3781 930 3857; x_wconf 87' lang='lat' dir='ltr'>meatque</span> <span class='ocrx_word' id='word_1_222' title='bbox 961 3773 1042 3837; x_wconf 86' lang='lat' dir='ltr'>adeo</span> <span class='ocrx_word' id='word_1_223' title='bbox 1074 3773 1162 3857; x_wconf 91' lang='lat' dir='ltr'>apud</span> <span class='ocrx_word' id='word_1_224' title='bbox 1192 3794 1376 3858; x_wconf 89' lang='lat' dir='ltr'>quenquam</span> <span class='ocrx_word' id='word_1_225' title='bbox 1399 3795 1418 3836; x_wconf 90' lang='lat' dir='ltr'>e</span> <span class='ocrx_word' id='word_1_226' title='bbox 1440 3775 1564 3848; x_wconf 85' lang='lat' dir='ltr'>nostris,</span> <span class='ocrx_word' id='word_1_227' title='bbox 1630 3781 1631 3818; x_wconf 69' lang='grc'><strong>1</strong></span> 
     </span>
     <span class='ocr_line' id='line_1_29' title="bbox 377 3876 1631 3974; baseline -0.003 -32"><span class='ocrx_word' id='word_1_228' title='bbox 377 3879 463 3964; x_wconf 91' lang='lat' dir='ltr'>quod</span> <span class='ocrx_word' id='word_1_229' title='bbox 487 3901 504 3941; x_wconf 92' lang='lat' dir='ltr'>e</span> <span class='ocrx_word' id='word_1_230' title='bbox 527 3901 561 3942; x_wconf 88' lang='lat' dir='ltr'>re</span> <span class='ocrx_word' id='word_1_231' title='bbox 585 3887 641 3942; x_wconf 92' lang='lat' dir='ltr'>tua</span> <span class='ocrx_word' id='word_1_232' title='bbox 663 3879 806 3942; x_wconf 88' lang='lat' dir='ltr'>futurum</span> <span class='ocrx_word' id='word_1_233' title='bbox 828 3887 933 3962; x_wconf 87' lang='lat' dir='ltr'>putas,</span> <span class='ocrx_word' id='word_1_234' title='bbox 958 3877 1060 3942; x_wconf 90' lang='lat' dir='ltr'>libere</span> <span class='ocrx_word' id='word_1_235' title='bbox 1084 3876 1240 3942; x_wconf 87' lang='lat' dir='ltr'>mandare</span> <span class='ocrx_word' id='word_1_236' title='bbox 1263 3900 1302 3940; x_wconf 91' lang='lat' dir='ltr'>ac</span> <span class='ocrx_word' id='word_1_237' title='bbox 1324 3899 1382 3962; x_wconf 90' lang='lat' dir='ltr'>pro</span> <span class='ocrx_word' id='word_1_238' title='bbox 1407 3877 1565 3942; x_wconf 86' lang='lat' dir='ltr'>arbitratu</span> <span class='ocrx_word' id='word_1_239' title='bbox 1630 3911 1631 3974; x_wconf 68' lang='lat' dir='ltr'>l</span> 
     </span>
     <span class='ocr_line' id='line_1_30' title="bbox 375 3982 1566 4069; baseline -0.002 -23"><span class='ocrx_word' id='word_1_240' title='bbox 375 3992 430 4046; x_wconf 89' lang='lat' dir='ltr'>tuo</span> <span class='ocrx_word' id='word_1_241' title='bbox 453 3984 499 4046; x_wconf 87' lang='lat' dir='ltr'>uti</span> <span class='ocrx_word' id='word_1_242' title='bbox 521 3984 653 4069; x_wconf 90' lang='lat' dir='ltr'>poteris.</span> <span class='ocrx_word' id='word_1_243' title='bbox 699 3983 759 4046; x_wconf 91' lang='lat' dir='ltr'>His</span> <span class='ocrx_word' id='word_1_244' title='bbox 783 3984 896 4066; x_wconf 89' lang='lat' dir='ltr'>paucis</span> <span class='ocrx_word' id='word_1_245' title='bbox 919 3983 1002 4061; x_wconf 85' lang='lat' dir='ltr'>vale,</span> <span class='ocrx_word' id='word_1_246' title='bbox 1027 3982 1105 4050; x_wconf 88' lang='lat' dir='ltr'>alias</span> <span class='ocrx_word' id='word_1_247' title='bbox 1130 3983 1290 4068; x_wconf 80' lang='lat' dir='ltr'>copiosius</span> <span class='ocrx_word' id='word_1_248' title='bbox 1307 3983 1459 4046; x_wconf 88' lang='lat' dir='ltr'>scribam.</span> <span class='ocrx_word' id='word_1_249' title='bbox 1483 3983 1566 4046; x_wconf 89' lang='lat' dir='ltr'>Nam</span> 
     </span>
     <span class='ocr_line' id='line_1_31' title="bbox 1630 4119 1631 4168; baseline 0 0"><span class='ocrx_word' id='word_1_250' title='bbox 1630 4119 1631 4168; x_wconf 90' lang='lat' dir='ltr'>l</span> 
     </span>
     <span class='ocr_line' id='line_1_32' title="bbox 421 4181 1631 4277; baseline -0.003 -14"><span class='ocrx_word' id='word_1_251' title='bbox 421 4215 427 4248; x_wconf 93' lang='lat'><strong>¹</strong></span> <span class='ocrx_word' id='word_1_252' title='bbox 447 4213 572 4264; x_wconf 81' lang='lat' dir='ltr'>Sanctius</span> <span class='ocrx_word' id='word_1_253' title='bbox 591 4211 719 4274; x_wconf 80' lang='lat' dir='ltr'>Caranza,</span> <span class='ocrx_word' id='word_1_254' title='bbox 739 4211 875 4277; x_wconf 86' lang='lat' dir='ltr'>Theologe</span> <span class='ocrx_word' id='word_1_255' title='bbox 893 4227 947 4260; x_wconf 90' lang='lat' dir='ltr'>von</span> <span class='ocrx_word' id='word_1_256' title='bbox 965 4211 1067 4274; x_wconf 85' lang='lat' dir='ltr'>Alcala,</span> <span class='ocrx_word' id='word_1_257' title='bbox 1086 4211 1133 4261; x_wconf 88' lang='lat' dir='ltr'>der</span> <span class='ocrx_word' id='word_1_258' title='bbox 1151 4211 1193 4260; x_wconf 84' lang='lat' dir='ltr'>fiir</span> <span class='ocrx_word' id='word_1_259' title='bbox 1212 4211 1324 4261; x_wconf 81' lang='lat' dir='ltr'>Stunica</span> <span class='ocrx_word' id='word_1_260' title='bbox 1342 4226 1429 4276; x_wconf 82' lang='lat' dir='ltr'>gagen</span> <span class='ocrx_word' id='word_1_261' title='bbox 1441 4211 1566 4261; x_wconf 84' lang='lat' dir='ltr'>Erasmus</span> <span class='ocrx_word' id='word_1_262' title='bbox 1630 4181 1631 4266; x_wconf 72' lang='lat' dir='ltr'>l</span> 
     </span>
    </p>

    <p class='ocr_par' dir='ltr' id='par_1_8' title="bbox 418 4297 1566 4628">
     <span class='ocr_line' id='line_1_33' title="bbox 444 4297 1566 4365; baseline -0.001 -16"><span class='ocrx_word' id='word_1_263' title='bbox 444 4301 545 4350; x_wconf 84' lang='lat' dir='ltr'>aufttra</span> <span class='ocrx_word' id='word_1_264' title='bbox 567 4300 622 4349; x_wconf 91' lang='lat' dir='ltr'>und</span> <span class='ocrx_word' id='word_1_265' title='bbox 646 4298 754 4348; x_wconf 85' lang='lat' dir='ltr'>dafiir</span> <span class='ocrx_word' id='word_1_266' title='bbox 747 4315 775 4348; x_wconf 84' lang='lat' dir='ltr'>in</span> <span class='ocrx_word' id='word_1_267' title='bbox 794 4299 840 4348; x_wconf 88' lang='lat' dir='ltr'>der</span> <span class='ocrx_word' id='word_1_268' title='bbox 858 4297 990 4365; x_wconf 84' lang='lat' dir='ltr'>Apologia</span> <span class='ocrx_word' id='word_1_269' title='bbox 1007 4299 1040 4348; x_wconf 91' lang='lat' dir='ltr'>de</span> <span class='ocrx_word' id='word_1_270' title='bbox 1058 4299 1144 4348; x_wconf 90' lang='lat' dir='ltr'>tribus</span> <span class='ocrx_word' id='word_1_271' title='bbox 1161 4298 1235 4362; x_wconf 89' lang='lat' dir='ltr'>locis,</span> <span class='ocrx_word' id='word_1_272' title='bbox 1263 4299 1352 4364; x_wconf 86' lang='lat' dir='ltr'>Opera</span> <span class='ocrx_word' id='word_1_273' title='bbox 1368 4300 1416 4348; x_wconf 95' lang='lat' dir='ltr'>IX.</span> <span class='ocrx_word' id='word_1_274' title='bbox 1435 4300 1484 4348; x_wconf 88' lang='grc'>401</span> <span class='ocrx_word' id='word_1_275' title='bbox 1506 4314 1566 4363; x_wconf 90' lang='lat' dir='ltr'>seq,</span> 
     </span>
     <span class='ocr_line' id='line_1_34' title="bbox 446 4386 1450 4452; baseline 0 -16"><span class='ocrx_word' id='word_1_276' title='bbox 446 4388 689 4452; x_wconf 82' lang='lat' dir='ltr'>zurechtgewieson</span> <span class='ocrx_word' id='word_1_277' title='bbox 707 4387 806 4449; x_wconf 86' lang='lat' dir='ltr'>warde,</span> <span class='ocrx_word' id='word_1_278' title='bbox 826 4386 894 4436; x_wconf 86' lang='lat' dir='ltr'>ohne</span> <span class='ocrx_word' id='word_1_279' title='bbox 914 4387 974 4437; x_wconf 83' lang='lat' dir='ltr'>dass</span> <span class='ocrx_word' id='word_1_280' title='bbox 993 4388 1031 4436; x_wconf 85' lang='lat' dir='ltr'>sie</span> <span class='ocrx_word' id='word_1_281' title='bbox 1049 4386 1106 4435; x_wconf 90' lang='lat' dir='ltr'>sich</span> <span class='ocrx_word' id='word_1_282' title='bbox 1125 4386 1236 4436; x_wconf 85' lang='lat' dir='ltr'>deshalb</span> <span class='ocrx_word' id='word_1_283' title='bbox 1255 4386 1450 4436; x_wconf 85' lang='lat' dir='ltr'>verfeindsten.</span> 
     </span>
     <span class='ocr_line' id='line_1_35' title="bbox 418 4473 1502 4540; baseline -0.003 -15"><span class='ocrx_word' id='word_1_284' title='bbox 418 4474 507 4525; x_wconf 70' lang='grc' dir='ltr'>2ΕΒ</span> <span class='ocrx_word' id='word_1_285' title='bbox 500 4480 535 4525; x_wconf 81' lang='lat' dir='ltr'>ist</span> <span class='ocrx_word' id='word_1_286' title='bbox 524 4475 589 4525; x_wconf 91' lang='grc'>110</span> <span class='ocrx_word' id='word_1_287' title='bbox 590 4474 761 4525; x_wconf 85' lang='lat' dir='ltr'>toBrunfels</span> <span class='ocrx_word' id='word_1_288' title='bbox 779 4476 897 4540; x_wconf 83' lang='lat' dir='ltr'>gemeint</span> <span class='ocrx_word' id='word_1_289' title='bbox 916 4474 959 4540; x_wconf 85' lang='lat' dir='ltr'>(of.</span> <span class='ocrx_word' id='word_1_290' title='bbox 979 4474 1010 4525; x_wconf 93' lang='lat' dir='ltr'>A.</span> <span class='ocrx_word' id='word_1_291' title='bbox 1029 4475 1063 4524; x_wconf 92' lang='lat' dir='ltr'>D.</span> <span class='ocrx_word' id='word_1_292' title='bbox 1082 4473 1269 4540; x_wconf 84' lang='lat' dir='ltr'>Biographie);</span> <span class='ocrx_word' id='word_1_293' title='bbox 1289 4490 1317 4524; x_wconf 89' lang='lat' dir='ltr'>er</span> <span class='ocrx_word' id='word_1_294' title='bbox 1335 4474 1406 4524; x_wconf 89' lang='lat' dir='ltr'>starb</span> <span class='ocrx_word' id='word_1_295' title='bbox 1427 4475 1502 4523; x_wconf 85' lang='lat'>1534.</span> 
     </span>
     <span class='ocr_line' id='line_1_36' title="bbox 418 4561 1379 4628; baseline -0.002 -15"><span class='ocrx_word' id='word_1_296' title='bbox 418 4562 575 4613; x_wconf 80' lang='lat' dir='ltr'>³Solebat?</span> <span class='ocrx_word' id='word_1_297' title='bbox 593 4562 665 4612; x_wconf 82' lang='lat' dir='ltr'>donn</span> <span class='ocrx_word' id='word_1_298' title='bbox 683 4577 713 4612; x_wconf 84' lang='lat' dir='ltr'>or</span> <span class='ocrx_word' id='word_1_299' title='bbox 730 4578 785 4612; x_wconf 85' lang='lat' dir='ltr'>war</span> <span class='ocrx_word' id='word_1_300' title='bbox 799 4563 829 4627; x_wconf 88' lang='lat' dir='ltr'>ja</span> <span class='ocrx_word' id='word_1_301' title='bbox 847 4563 950 4612; x_wconf 84' lang='lat' dir='ltr'>damals</span> <span class='ocrx_word' id='word_1_302' title='bbox 968 4561 1122 4628; x_wconf 81' lang='lat' dir='ltr'>gestorben3</span> <span class='ocrx_word' id='word_1_303' title='bbox 1141 4561 1195 4628; x_wconf 85' lang='lat' dir='ltr'>vgl.</span> <span class='ocrx_word' id='word_1_304' title='bbox 1214 4563 1291 4628; x_wconf 87' lang='lat' dir='ltr'>epist</span> <span class='ocrx_word' id='word_1_305' title='bbox 1272 4563 1339 4612; x_wconf 88' lang='lat' dir='ltr'>tL.</span> <span class='ocrx_word' id='word_1_306' title='bbox 1358 4563 1379 4611; x_wconf 93' lang='grc' dir='ltr'>Ι.</span> 
     </span>
    </p>
   </div>
   <div class='ocr_carea' id='block_1_8' title="bbox 421 4599 1631 4802">
    <p class='ocr_par' dir='ltr' id='par_1_9' title="bbox 421 4599 1631 4858">
     <span class='ocr_line' id='line_1_37' title="bbox 422 4599 1631 4716; baseline -0.003 -16"><span class='ocrx_word' id='word_1_307' title='bbox 422 4649 595 4715; x_wconf 71' lang='lat' dir='ltr'>AGregorius</span> <span class='ocrx_word' id='word_1_308' title='bbox 613 4650 813 4713; x_wconf 81' lang='lat' dir='ltr'>Nazianzenus·</span> <span class='ocrx_word' id='word_1_309' title='bbox 831 4649 885 4716; x_wconf 86' lang='lat' dir='ltr'>vgl.</span> <span class='ocrx_word' id='word_1_310' title='bbox 904 4666 943 4699; x_wconf 90' lang='lat' dir='ltr'>nr.</span> <span class='ocrx_word' id='word_1_311' title='bbox 962 4650 1071 4699; x_wconf 85' lang='lat' dir='ltr'>LXXII.</span> <span class='ocrx_word' id='word_1_312' title='bbox 1630 4599 1631 4670; x_wconf 94' lang='lat' dir='ltr'>A</span> 
     </span>
     <span class='ocr_line' id='line_1_38' title="bbox 421 4735 570 4802; baseline -0.002 -17"><span class='ocrx_word' id='word_1_313' title='bbox 421 4735 570 4802; x_wconf 80' lang='lat' dir='ltr'>⁵palisper.</span> 
     </span>
    </p>
   </div>
   <div class='ocr_carea' id='block_1_9' title="bbox 0 0 1664 5734">
    <p class='ocr_par' dir='ltr' id='par_1_10' title="bbox 0 0 1664 5734">
     <span class='ocr_line' id='line_1_39' title="bbox 0 0 1664 5734; baseline 0 0"><span class='ocrx_word' id='word_1_314' title='bbox 0 0 1664 5734; x_wconf 95' lang='lat' dir='ltr'> </span> 
     </span>
    </p>
   </div>
  </div>
 </body>
</html>
