3372 5768
142 532 202 604 [72
207 533 239 605 9]
452 545 553 588 Erasmus
567 557 607 586 von
622 544 747 586 Rotterdam
761 545 806 586 und
819 545 927 586 Martinus
941 545 1035 596 Lipsius.
1292 533 1331 596 67

141 740 224 802 erga
247 727 278 782 te
299 721 371 784 mei.
417 721 490 785 Non
517 745 568 786 me
595 721 725 800 latebat,
757 723 843 808 quod
874 722 1005 808 quidam
1036 727 1166 801 monuit,
1198 724 1334 789 multum

141 823 230 887 infra
252 823 441 907 dignitatem
465 836 553 890 tuam
576 849 646 890 esse
669 826 730 890 hoc
753 827 987 906 numusculum,
1020 828 1077 891 sed
1100 851 1159 913 ego
1182 838 1214 891 te
1236 830 1335 892 animi

141 929 392 1012 propensionem
407 931 587 995 exosculari
605 931 746 996 sciebam
761 934 864 1016 magis
887 955 984 1018 quam
1003 956 1128 997 munus.
1156 933 1238 998 Sunt
1252 933 1334 998 haec

140 1053 208 1094 nec
230 1034 375 1098 insuauia
397 1045 493 1118 gustu
515 1058 576 1099 nee
599 1035 775 1100 valetudini
798 1038 1014 1102 incommoda:
1040 1037 1129 1102 cibos
1151 1039 1331 1124 perficiunt,

141 1139 364 1222 appetentiam
393 1141 545 1204 excitant.
592 1140 656 1204 Sed
685 1143 759 1219 iam,
790 1144 934 1228 receptui
960 1153 997 1207 ut
1026 1165 1149 1220 canam,
1180 1145 1333 1228 temporis

141 1247 295 1327 angustia
316 1254 433 1309 monet.
478 1245 547 1310 Nos
570 1256 600 1309 te
624 1269 769 1311 amamus
791 1248 1008 1312 vehementer.
1054 1248 1135 1312 Vale
1154 1250 1189 1312 iu
1206 1247 1332 1312 Christo

143 1359 180 1412 et
203 1371 262 1414 nos
283 1350 424 1414 redama.

251 1474 306 1523 Aus
324 1473 383 1524 dem
403 1473 466 1523 Ood.
485 1475 549 1523 Hor.
568 1473 599 1523 A.
619 1491 644 1539 p.
663 1476 704 1524 88.

687 1699 793 1764 XLV.

278 1882 468 1950 Philippus
491 1883 681 1949 Brugensis
705 1883 856 1938 Martino
880 1883 1011 1951 Lypsio
1035 1885 1141 1939 Brux.
1167 1886 1197 1939 S.

249 2050 282 2115 Si
312 2073 376 2113 non
406 2052 565 2134 insignem
592 2052 787 2135 minimeque
814 2050 981 2135 uulgarem
1010 2053 1107 2114 animi
1130 2053 1175 2114 tui
1198 2075 1332 2137 propen-

143 2160 268 2221 sionem
290 2179 368 2240 erga
389 2179 441 2219 me
464 2165 559 2220 antea
581 2158 829 2241 perspexissem,
854 2156 962 2220 multis
985 2158 1094 2220 verbis
1117 2167 1332 2243 accurateque

144 2266 287 2326 oratione
309 2261 367 2326 tibi
390 2260 488 2325 fidem
511 2261 618 2324 facere
642 2277 776 2325 conarer
799 2269 831 2324 et
853 2284 873 2324 a
892 2261 985 2324 nobis
1006 2270 1037 2324 te
1059 2261 1218 2325 redamari
1235 2271 1267 2324 et
1281 2284 1332 2324 me

142 2368 376 2432 beneficiorum
391 2371 472 2430 non¹
495 2369 723 2431 immemorem.
760 2367 955 2452 Quanquam
974 2369 1059 2430 enim
1079 2365 1176 2453 (quae
1192 2369 1334 2431 maxima

142 2475 226 2557 grati
249 2474 346 2536 animi
370 2496 451 2536 crux
474 2482 531 2550 est,
556 2483 591 2536 ut
614 2495 673 2557 ego
694 2495 714 2536 a
729 2472 904 2536 maioribus
920 2481 998 2535 natu
1019 2471 1192 2557 aliquando
1208 2472 1332 2558 audiui)

143 2577 322 2663 rependere
346 2577 496 2654 officium,
528 2586 563 2641 ut
593 2578 706 2641 merita
733 2586 807 2640 sunt
834 2586 898 2654 tua,
931 2575 984 2639 vel
1006 2576 1134 2640 fortuna
1157 2576 1209 2639 vel
1232 2576 1334 2640 fatum

145 2681 308 2766 quoddam
323 2704 431 2745 meum
446 2681 523 2745 mihi
539 2684 678 2764 negauit,
695 2703 860 2766 nunquam
875 2689 985 2745 tamen
1002 2682 1207 2757 committam,
1231 2691 1267 2744 ut
1281 2703 1332 2744 me

144 2787 296 2851 habuisse
320 2787 450 2871 quidem
472 2788 608 2870 gratiam
625 2809 699 2849 cum
715 2785 822 2871 aliqua
837 2787 954 2850 amoris
970 2786 1192 2850 testificatione
1210 2786 1331 2850 videar.

145 2890 212 2954 Sed
241 2893 305 2954 iam
335 2891 416 2955 haec
446 2893 543 2954 missa
573 2892 743 2955 faciamus:
774 2913 879 2976 neque
907 2893 993 2954 euim
1020 2892 1193 2976 quicquam
1220 2893 1333 2955 attinet

145 2995 186 3059 de
209 2997 271 3060 tuis
294 3018 371 3080 erga
393 3018 444 3059 me
468 2997 589 3060 meritis
619 2996 712 3081 plura
742 2997 775 3059 in
805 3019 840 3059 os
871 2995 1068 3081 praedicare.
1115 2995 1207 3059 Mitto
1236 2996 1277 3060 ad
1300 3005 1332 3060 te

145 3110 319 3187 quaternas
345 3110 417 3164 tuas
443 3099 560 3177 literas,
593 3123 672 3186 quas
699 3099 872 3185 aliquando
900 3100 1035 3163 diuersis
1063 3099 1261 3185 temporibus
1290 3100 1332 3164 ad

143 3229 196 3270 me
212 3206 337 3283 dedisti,
360 3228 398 3270 ea
414 3206 596 3269 conditione
616 3228 655 3269 ae
677 3206 757 3289 lege,
780 3227 877 3290 quam
896 3207 965 3290 ipse
983 3228 1091 3269 coram
1106 3204 1214 3268 tulisti.
1250 3205 1331 3269 Vale

143 3311 267 3395 tibique
293 3311 451 3396 persuade
474 3313 634 3375 neminem
657 3334 736 3388 esse,
770 3312 821 3374 cui
850 3311 1028 3374 secundum
1056 3310 1152 3374 deum
1175 3311 1331 3395 optimum

143 3417 321 3480 maximum
345 3424 376 3477 et
399 3417 654 3498 consanguineos
670 3416 742 3501 plus
759 3415 877 3479 debere
893 3437 944 3479 me
960 3415 1063 3480 fatear
1079 3436 1175 3499 quam
1191 3415 1246 3478 uni
1262 3415 1330 3478 tibi.

246 3539 302 3589 Aus
319 3539 380 3589 dem
399 3540 462 3591 Ood.
482 3541 546 3589 Hor.
565 3539 596 3589 A.
615 3557 640 3605 p.
660 3541 701 3588 89.

674 3748 796 3812 XLVI.

343 3950 516 4007 Martinus
540 3948 696 4016 Lypsius
718 3947 885 4015 Philippo
909 3948 1081 4014 Brugensi
1104 3949 1135 4003 S.

248 4134 399 4219 Aequum
427 4143 483 4209 est,
516 4134 566 4195 vir
593 4133 793 4208 amicissime,
826 4142 861 4195 ut
884 4130 1015 4196 tandem
1042 4130 1214 4216 aliquando
1238 4131 1331 4194 dictis

142 4240 241 4303 fidem
268 4240 400 4303 faciam:
427 4237 546 4322 alioqui
573 4237 660 4301 haud
687 4238 844 4301 immerito
867 4236 984 4300 nullius
1003 4237 1096 4323 pensi
1116 4235 1210 4300 homo
1233 4257 1331 4299 mere-

142 4346 203 4409 bor
225 4344 346 4409 haberi.
391 4344 519 4428 Repetii
550 4352 623 4408 ante
646 4364 774 4405 menses
796 4341 918 4427 aliquot
940 4341 997 4406 has
1021 4341 1180 4427 epistolae,
1209 4340 1331 4427 quales-

144 4472 272 4535 cunque
295 4449 393 4512 animi
416 4471 493 4531 erga
516 4458 547 4511 te
570 4450 633 4511 mei
657 4456 764 4524 testes,
790 4447 847 4510 sed
868 4469 906 4510 ea
921 4446 1001 4530 lege,
1025 4455 1061 4508 ut
1076 4445 1118 4509 ad
1134 4455 1165 4508 te
1181 4445 1329 4522 redirent,

144 4555 335 4639 simulatque
352 4553 437 4638 quod
453 4562 628 4618 statueram
642 4553 848 4638 peregissem.
883 4551 979 4615 Nunc
996 4551 1092 4635 igitur
1107 4551 1224 4635 recipe,
1245 4548 1331 4634 quod

186 4731 194 4764 ¹
212 4729 293 4780 Wohl
312 4745 369 4780 esse
387 4727 562 4794 ausgefallen
