3372 5768
146 554 242 628 [683]
448 565 548 605 Erasmus
563 576 604 605 von
619 565 742 605 Rotierdam
756 565 800 604 und
814 565 920 605 Martinus
933 565 1026 615 Lipsius.
1286 550 1324 612 21

146 745 265 806 merito
296 744 438 826 contigit,
469 741 609 805 nonnulli
640 764 657 803 e
688 749 794 805 nostro
824 741 1041 820 contubernio,
1076 742 1191 828 quibus
1221 753 1327 806 tamen

146 847 212 911 hac
241 849 275 910 in
305 856 396 932 parte
425 845 546 931 aliquid
575 867 652 930 prae
684 847 797 909 ceteris
825 846 965 910 tribuere
989 845 1082 923 sole0,
1113 846 1275 930 postulant
1297 856 1329 909 et

147 952 339 1036 efflagitant,
371 961 407 1014 ut
438 952 483 1013 eis
513 951 546 1012 in
576 951 699 1013 ratione
730 949 826 1012 studii
858 949 1046 1013 subueniam
1069 959 1108 1027 et,
1141 972 1203 1034 quo
1226 953 1328 1033 magis

148 1067 291 1143 stupeas,
315 1057 349 1119 in
371 1054 552 1140 eloquentia
573 1054 791 1139 percipienda,
816 1077 912 1139 quam
934 1077 986 1118 me
1002 1055 1113 1118 dicunt
1128 1055 1330 1118 mediocriter

147 1171 333 1225 executum.
375 1158 421 1223 At
443 1181 502 1242 ego
525 1181 588 1222 non
610 1160 760 1242 ignorans
783 1180 888 1221 meam
911 1160 1105 1235 tenuitatem,
1135 1179 1329 1244 quamquam

149 1267 193 1328 sit
207 1264 283 1328 mihi
300 1263 386 1328 domi
408 1273 499 1327 curta
522 1263 692 1347 supellex,l
721 1265 838 1348 quique
860 1263 942 1326 haec
965 1265 1035 1348 ipsa
1057 1265 1152 1327 etiam
1174 1286 1238 1327 non
1262 1265 1329 1326 sine

147 1369 273 1454 pudore
300 1367 405 1445 audio,
436 1369 573 1451 ingenue
600 1368 751 1452 profiteor
779 1368 858 1431 nihil
884 1367 962 1430 mihi
984 1368 1097 1432 adesse
1120 1368 1328 1453 eloquentiae,

148 1475 423 1559 promptissimum
445 1482 552 1536 tamen
575 1472 642 1536 fore
665 1483 730 1536 tam
752 1473 813 1558 piis
835 1472 960 1536 illorum
976 1473 1072 1552 uotis,
1098 1473 1124 1534 si
1147 1481 1331 1557 suppeteret

147 1579 304 1644 facultas:
329 1587 362 1640 at
377 1579 440 1641 iam
462 1578 624 1641 incassum
647 1599 701 1641 eos
723 1577 786 1641 tale
809 1576 929 1663 aliquid
952 1600 971 1640 a
993 1599 1044 1640 me
1066 1585 1186 1661 petere,
1210 1578 1243 1638 in
1267 1598 1329 1661 quo

147 1705 213 1746 nec
243 1682 320 1746 mihi
351 1683 411 1767 ipsi
443 1680 532 1767 (licet
562 1683 595 1746 id
625 1682 764 1745 maxime
799 1679 940 1768 cupiam)
976 1681 1159 1744 satisfacere
1193 1679 1328 1744 ualeam.

148 1786 382 1850 Soiscitantur¹2
404 1795 572 1871 praeterea
595 1786 672 1872 quid
694 1796 729 1849 tu
751 1786 828 1850 mihi
851 1786 1112 1871 praeceptionum
1135 1793 1190 1848 aut
1209 1785 1297 1848 instit
1321 1823 1331 1830 -

147 1893 273 1955 tionum
302 1892 449 1976 primitus
479 1891 657 1954 tradideris.
702 1891 894 1976 Respondeo
917 1893 1077 1955 monuisse
1107 1900 1147 1966 te,
1181 1890 1329 1974 quatinus

148 1997 386 2082 Hieronymum
418 1996 559 2079 legerem
593 2006 625 2059 et
657 1996 735 2060 alios
770 1997 899 2081 quosuis
932 2006 1058 2060 ueteres
1092 2003 1124 2057 et
1153 1995 1330 2058 autenticos

149 2110 297 2165 autores:
327 2123 387 2164 neo
415 2109 523 2164 tamen
545 2099 594 2162 his
618 2102 757 2163 contenti
780 2100 936 2163 desistunt
958 2099 999 2163 ab
1023 2101 1204 2184 importuna
1225 2107 1331 2183 postu-

149 2207 278 2270 latione.
323 2204 464 2268 Tantum
495 2206 646 2288 egestatis
677 2214 708 2268 et
730 2205 856 2290 inopiae
878 2204 965 2289 apud
988 2226 1046 2268 nos
1068 2203 1172 2267 bonae
1196 2205 1264 2287 spei
1287 2202 1330 2265 in-

149 2311 247 2394 genia
263 2311 427 2387 sustinent,
451 2318 487 2372 ut
505 2309 558 2372 vel
580 2331 631 2372 me
654 2318 896 2395 praeceptorem
918 2331 982 2372 non
997 2317 1216 2393 aspernentur.
1244 2306 1331 2370 Proh

150 2413 250 2478 dolor.
295 2414 369 2478 Non
391 2414 492 2498 pudet
513 2435 571 2477 nos
593 2414 774 2497 Augustino
797 2422 887 2499 patre
910 2413 1047 2495 gloriari,
1078 2434 1152 2475 cum
1173 2411 1330 2475 bonorum

150 2521 314 2584 literarum
329 2519 416 2604 apud
435 2541 493 2582 nos
515 2541 556 2581 ne
578 2518 684 2582 dicam
706 2518 826 2599 nullus3
853 2526 939 2581 certe
961 2516 1164 2602 permodicus
1187 2515 1267 2579 adeo
1291 2517 1331 2579 sit

149 2648 237 2689 usus.
262 2623 401 2707 Singulis
425 2624 606 2708 quibusque
629 2623 726 2687 rebus
749 2645 806 2686 sua
829 2622 999 2686 distributa
1022 2631 1095 2685 sunt
1117 2631 1275 2704 tempora:
1298 2630 1331 2683 at

149 2731 314 2794 literarum
337 2728 449 2792 studiis
472 2750 533 2790 ceu
554 2749 668 2812 parum
687 2727 732 2792 ,ad
754 2749 822 2790 rem
844 2727 1036 2790 facientibus
1051 2727 1145 2788 unius
1162 2725 1331 2788 dumtaxat

148 2834 281 2898 horulae
305 2833 494 2917 deputatum
516 2842 565 2894 est
587 2833 740 2916 spacium.
785 2829 864 2911 Quis
887 2832 958 2894 aeui
981 2830 1075 2893 huius
1097 2851 1162 2893 non
1185 2828 1329 2913 deploret

149 2936 391 3003 infelicitatem?
429 2936 494 3000 Sed
518 2937 558 3000 de
580 2935 630 2999 his
652 2937 790 3020 parcius,
815 2957 855 2998 ne
878 2935 996 2998 ueteris
1022 2935 1166 2997 inscitiae
1193 2932 1329 2996 alumnis

149 3044 249 3110 bilem
271 3063 466 3107 moneamus.
491 3040 658 3106 Sudoriala
680 3041 760 3106 haec
783 3050 895 3125 parata
910 3037 1008 3102 habui
1024 3048 1098 3101 ante
1114 3039 1183 3100 dies
1198 3037 1327 3122 aliquot,
1370 3047 1371 3050 ’

151 3172 212 3213 nec
235 3149 296 3213 alio
317 3149 445 3212 nomine
461 3169 557 3232 quam
572 3157 608 3210 ut
621 3147 755 3210 Erasmo
771 3147 981 3209 mitterentur.
1009 3144 1132 3207 Verum
1146 3141 1330 3205 retrahebat

150 3253 264 3339 pudor,
296 3274 370 3316 cum
393 3253 468 3337 quia
489 3251 606 3315 nullius
629 3239 780 3314 momenti
803 3249 967 3313 xeniolum
989 3270 1059 3311 esse
1087 3267 1327 3331 conspexeram,

150 3369 220 3422 tum
250 3358 326 3442 quia
355 3379 419 3420 non
451 3355 548 3419 semel
579 3366 731 3441 expertus
765 3377 861 3432 eram,
897 3363 1015 3440 quanto
1050 3373 1178 3436 semper
1210 3352 1330 3414 maiora

150 3461 355 3526 retribueres.
378 3461 474 3524 Nunc
496 3482 572 3525 uero
595 3460 654 3524 abs
677 3471 707 3525 te
731 3462 868 3544 gratuito
891 3481 1022 3523 munere
1045 3465 1248 3543 praeuentus,
1273 3477 1330 3518 cur
1399 3468 1409 3482 ⁰

150 3568 284 3631 ulterius
306 3589 411 3630 morer
433 3567 554 3649 ignore.
600 3564 681 3629 Vale
704 3564 847 3641 feliciter,
871 3565 916 3628 mi
940 3563 1164 3628 candidissime
1187 3561 1328 3636 Erasme,

151 3675 344 3736 maecenas3
367 3673 494 3756 optime.
517 3671 647 3757 Raptim
670 3692 713 3733 ex
735 3679 843 3734 nostra
866 3668 980 3733 cellula
1001 3671 1034 3731 in
1057 3667 1211 3732 coenobio
1231 3664 1331 3729 Gano—

150 3777 571 3854 nicorum.Martincnsium,
596 3798 679 3839 anno
702 3774 795 3839 uerbi
817 3774 981 3838 incarnati.
1005 3771 1168 3836 MDXlX.

255 3898 309 3948 Ans
327 3900 386 3950 dem
405 3899 469 3949 Cod.
488 3899 552 3949 Hor.
571 3898 602 3949 A.
621 3916 645 3964 p.
664 3899 705 3947 37.

196 4147 204 4179 ¹
223 4151 297 4196 curta
314 4162 371 4211 sup.
389 4146 461 4195 Pers.
479 4146 525 4195 IV.
546 4147 587 4194 52.

195 4235 204 4266 ²
222 4235 272 4282 Hs:
292 4233 457 4284 Siseitantur.

195 4321 205 4353 ³
223 4321 272 4370 Hs:
292 4336 421 4386 mecpnas.
