3372 5768
113 535 209 608 [691]
420 547 520 587 Erasmus
534 557 575 588 von
590 546 713 588 liettardum
727 547 771 588 und
783 547 891 588 Martinus
905 546 999 597 Lipsius.
1264 529 1305 593 29

112 725 229 808 primis
258 724 390 787 amicus.
437 721 614 787 Admonuit
640 746 692 787 me
715 722 927 807 Agnetanus¹
956 722 998 786 de
1025 721 1215 806 Augustino
1248 722 1306 786 sed

113 827 361 892 humanissime:
391 850 453 891 nec
485 851 555 892 sum
585 837 652 892 tam
673 850 826 905 morosus,
859 837 895 892 ut
917 827 1100 891 huiusmodi
1122 827 1306 892 admonitio-

68 941 70 945 '
115 933 216 997 nibus
240 933 394 997 offendar.
441 930 476 996 Si
498 932 641 997 nondum
664 931 804 996 satisfeci
824 934 930 997 animo
950 931 1042 1010 illius,
1067 955 1132 996 non
1151 953 1223 996 sum
1240 941 1307 996 tam

114 1036 207 1114 felix,
231 1046 267 1100 ut
290 1038 431 1100 omnium
453 1038 568 1100 animis
592 1036 794 1100 satisfaciam.
839 1036 913 1101 Non
929 1035 1112 1122 postulabat
1131 1037 1183 1100 ille
1206 1037 1304 1113 locus,

114 1151 154 1204 ut
174 1141 348 1224 Augustini
371 1141 483 1205 laudes
506 1141 693 1204 attollerem.
728 1141 771 1204 Et
793 1140 876 1205 malo
899 1140 1059 1205 nonnullis
1081 1141 1177 1226 paulo
1200 1142 1306 1204 minus

116 1245 277 1310 candidus
299 1246 404 1310 videri
426 1247 459 1309 in
479 1245 706 1330 Augustinum,
735 1235 832 1330 quam
859 1247 1009 1309 euincere
1031 1267 1084 1310 me
1111 1245 1211 1311 multo
1234 1269 1306 1310 can·
1334 1285 1336 1288 -

116 1350 277 1414 didiorem
304 1371 383 1428 esse,
415 1371 512 1436 quam
534 1351 603 1414 istis
625 1350 747 1414 videar.
793 1351 957 1416 Honestus
987 1360 1036 1414 est
1065 1351 1210 1428 affectus,
1243 1373 1306 1437 quo

116 1464 247 1518 tenetur
266 1455 296 1518 d.
313 1457 414 1540 prior3
435 1438 524 1519 fauet
546 1457 632 1519 enim
654 1457 757 1519 autori
780 1478 847 1519 suc.
878 1454 932 1519 Sic
947 1455 1104 1519 Thomam
1119 1478 1214 1521 nemo
1231 1458 1306 1520 satis

116 1559 230 1623 laudat
251 1559 537 1645 praedicatoribus.
582 1561 749 1624 Postremo
769 1570 815 1624 tot
834 1560 938 1624 habeo
954 1561 1109 1638 fauentes,
1133 1570 1180 1625 tot
1195 1561 1306 1624 aduer-

117 1675 237 1741 santes,
269 1675 305 1729 ut
327 1667 384 1740 vix
406 1676 502 1729 vacet
529 1666 569 1729 de
592 1689 656 1730 uno
680 1676 735 1730 aut
757 1666 857 1730 altero
880 1688 950 1729 esso
974 1666 1154 1730 sollicitum.
1200 1666 1307 1729 Leeus

117 1771 185 1833 iam
207 1770 295 1847 abiit,
327 1773 447 1855 opinor,
471 1773 504 1834 in
527 1769 680 1856 Angliam
706 1793 740 1834 re
767 1771 932 1858 praeclare
959 1780 1059 1856 gesta.
1105 1772 1194 1835 Bene
1224 1771 1305 1835 uale.

223 1894 281 1944 Aus
299 1894 360 1945 dem
379 1893 442 1944 Ood.
461 1895 525 1944 Hor.
544 1895 575 1945 A.
594 1912 619 1964 p.
637 1896 679 1944 41,

667 2145 763 2208 XIII.
1221 2163 1309 2213 naar.²

119 2345 198 2400 Des.
215 2347 381 2402 Erasmus
403 2346 660 2402 Rotarodamus
681 2346 835 2402 Gerardo
859 2345 1025 2402 canonico
1048 2345 1148 2401 divae
1163 2345 1308 2412 Agnetis

446 2451 557 2518 priori
581 2451 786 2506 venerando,
833 2451 863 2506 S.
886 2451 923 2506 P.
947 2451 985 2506 D.

227 2633 437 2699 Ornatissime
460 2637 556 2721 prior,
582 2634 713 2698 arbitrio
736 2635 933 2698 medicorum
955 2636 1041 2711 viuo,
1071 2643 1103 2697 et
1124 2634 1308 2719 pharmacis

123 2740 209 2817 viuo,
234 2761 297 2803 non
320 2740 411 2804 cibis.
456 2739 570 2824 ltaque
593 2761 654 2803 nec
676 2739 765 2803 adire
788 2749 820 2802 te
839 2761 974 2824 possum
992 2761 1052 2802 nec
1072 2741 1221 2824 accipere
1237 2762 1309 2805 con-

122 2845 219 2908 uiuio.
264 2843 299 2908 si
330 2844 533 2909 commodum
563 2846 623 2908 erit
652 2867 710 2908 nos
740 2846 887 2921 inuisere,
923 2846 983 2907 erit
1007 2840 1094 2908 'mihi
1124 2854 1311 2930 pergratum

125 2948 318 3034 colloquium
340 2959 372 3012 et
402 2950 515 3012 eadem
544 2971 642 3035 opera
669 2951 833 3034 geminum
863 2950 1060 3033 praestiteris
1090 2948 1248 3013 officium:
1279 2958 1311 3012 et

122 3055 264 3117 amicum
285 3055 432 3117 inuiseris
455 3063 487 3117 et
509 3063 684 3138 aegrotum.
730 3053 822 3118 Mitto
845 3053 989 3117 libellum
1009 3055 1042 3116 in
1057 3054 1168 3117 morbo
1183 3063 1309 3134 natum3

122 3181 200 3222 nam
222 3159 282 3223 sub
305 3159 402 3223 finem
425 3161 529 3244 operis
553 3161 670 3223 inuasit
692 3181 742 3223 me
766 3159 870 3223 subito
893 3158 969 3222 mali
989 3160 1038 3222 vis
1062 3167 1160 3236 tanta,
1187 3168 1223 3221 ut
1247 3159 1311 3243 epi-

121 3263 238 3327 stolam
260 3263 366 3328 Judae
389 3285 428 3327 ao
450 3263 682 3348 praefationem
704 3265 762 3326 vix
789 3263 987 3326 dictauerim.
1033 3261 1148 3326 Febris
1180 3262 1311 3348 quidem

121 3367 260 3452 depulsa
283 3377 340 3446 est,
372 3368 429 3431 sed
453 3368 579 3454 corpori
602 3369 686 3431 vires
709 3368 835 3432 absunt.
882 3366 1077 3444 Benevola,
1101 3367 1311 3452 paterhono-

120 3472 235 3536 rande.

226 3596 281 3646 Ans
300 3596 360 3645 dem
379 3595 444 3648 Ood.
462 3597 526 3646 Hor.
546 3597 576 3646 A.
596 3614 621 3662 p.
640 3599 682 3646 48.

124 3748 181 3755 ...-

194 3840 307 3902 mollius
331 3841 462 3907 Freiburg
487 3842 560 3905 1880,
584 3841 609 3891 S.
630 3843 688 3905 125,
710 3858 749 3892 nr.
768 3842 796 3908 5)
823 3843 1031 3908 geriihmt‚'war
1056 3844 1121 3892 1517
1144 3842 1241 3894 Rector
1263 3842 1310 3891 der

194 3927 291 3978 Sohule
309 3944 343 3977 nu
360 3927 452 3979 Zwoll.

171 4016 176 4048 ¹
195 4015 251 4064 Der
268 4016 344 4066 Prior
362 4015 388 4066 S.
407 4016 518 4106 Agnetfis
536 4015 668 4082 Gerhard3
686 4033 707 4066 s.
726 4016 778 4066 don
797 4018 925 4067 nttchsten
943 4018 1023 4068 Brief.

167 4101 177 4136 ²
195 4102 251 4152 Das
262 4104 362 4152 Datum
380 4104 519 4154 bestimme
537 4104 580 4153 ich
599 4104 723 4167 demach,
743 4105 802 4154 dass
821 4105 863 4154 die
876 4105 1048 4172 Paraphrasis
1065 4106 1094 4154 in
1106 4104 1156 4170 Ep.
1169 4105 1312 4156 canonicas

195 4190 260 4240 duas
283 4191 356 4242 Petri
378 4206 459 4240 unam
482 4190 569 4241 Iudae
596 4205 677 4241 unam
700 4191 796 4241 Jacobi
819 4197 846 4241 et
873 4197 926 4242 tres
948 4193 1061 4242 Ioannis
1088 4192 1133 4242 bei
1155 4192 1261 4242 Froben
1283 4192 1312 4238 in

195 4277 274 4327 Basel
293 4279 358 4327 1521
380 4279 508 4329 erschien.
