3372 5768
118 574 215 650 [703]
424 586 524 627 Erasmus
537 598 579 627 von
593 586 717 628 Rotterdam
731 586 775 627 und
789 585 896 627 Martinus
911 584 1005 637 Lipsius.
1265 570 1304 632 41

119 761 313 846 corrigendi,
338 763 396 826 sed
418 761 617 826 immutandi.
662 762 775 847 Itaque
799 783 893 846 spero
915 771 947 824 te
970 761 1062 824 aliter
1094 782 1202 825 coram
1223 761 1308 825 locu-

118 876 230 932 turum
256 888 353 952 quam
376 867 539 952 scripsisti.
585 867 733 951 Expecto
756 876 793 931 ut
814 866 958 930 audiam:
986 866 1048 930 hoc
1069 887 1184 951 parum
1206 887 1308 950 gram-

119 973 238 1035 matice
261 971 392 1048 dictum,
415 970 494 1034 illud
516 993 581 1034 non
602 970 684 1033 feret
706 970 902 1047 dialecticus,
927 969 961 1033 id
983 970 1204 1054 mitigandum,
1228 970 1308 1034 illud

119 1098 188 1140 non
219 1078 294 1141 satis
324 1075 449 1167 fultum.
494 1075 545 1147 Ita
577 1076 739 1158 geminam
772 1075 860 1160 apud
893 1097 944 1138 me
978 1075 1074 1140 inibis
1107 1077 1243 1158 gratiam
1277 1084 1309 1137 et

120 1189 255 1267 propter
276 1181 360 1245 hanc
383 1180 551 1266 epistolam
573 1189 606 1243 et
620 1190 752 1266 propter
766 1180 1016 1244 admonitionem
1038 1179 1183 1245 liberam.
1212 1179 1308 1260 Quod

120 1285 236 1350 adiicis
260 1286 300 1349 de
324 1285 493 1363 calumnia,
527 1286 635 1348 nescio
658 1308 700 1348 an
722 1307 774 1351 me
797 1307 926 1349 mouere
949 1284 1075 1350 debeat.
1122 1283 1196 1349 Scio
1219 1306 1308 1370 syco-

120 1389 252 1476 phantis
281 1389 360 1453 nihil
390 1399 513 1454 tantum
543 1411 612 1466 esse
643 1389 741 1466 cordi,
773 1399 928 1474 quantum
958 1389 1078 1454 alienos
1111 1411 1243 1475 carpere
1266 1389 1308 1452 la-

120 1494 218 1559 bores
241 1503 274 1557 et
295 1494 514 1580 sycophantiis
536 1493 632 1579 plena
654 1517 724 1558 esse
748 1497 863 1559 omnia.
908 1495 1032 1560 Verum
1047 1497 1074 1559 si
1089 1495 1197 1580 aliqua
1211 1517 1309 1558 causa

121 1598 177 1662 vel
190 1608 241 1662 'est
254 1598 308 1662 vel
324 1598 427 1662 videri
450 1599 555 1685 p‘otest
577 1600 669 1676 iusta,
694 1599 735 1663 ob
760 1621 857 1684 quam
879 1599 1017 1664 aduersa
1040 1599 1203 1684 quaelibet
1224 1599 1307 1662 ferre

121 1724 263 1787 aequum
292 1711 349 1780 est,
383 1703 464 1767 haec
495 1703 639 1789 profecto
670 1704 753 1767 iusta
784 1706 908 1768 censeri
939 1704 1045 1768 debet.
1093 1703 1193 1789 Spero
1225 1705 1251 1766 si
1273 1713 1309 1767 ut

122 1807 277 1872 formidas
307 1810 459 1884 adsuerit,
495 1806 657 1872 Christum
686 1808 800 1873 Jesum
832 1809 1018 1873 adfuturum
1048 1817 1081 1876 et
1110 1810 1207 1873 animi
1237 1830 1309 1872 con-

123 1913 275 1976 stantiam
298 1912 499 1977 donaturum.
533 1912 647 1998 Neque
671 1922 779 1978 tamen
801 1915 938 1978 edentur
959 1914 1020 1978 hae
1043 1935 1148 1997 nugae
1170 1922 1307 1989 nostrae,

122 2018 186 2080 nisi
198 2017 341 2103 Dorpius
352 2027 384 2081 et
395 2019 512 2082 viderit
524 2028 557 2081 et
572 2021 777 2083 consenserit.
801 2019 933 2083 Utinam
948 2019 1009 2083 hoc
1026 2019 1077 2082 die
1089 2018 1308 2104 pomeridiano

122 2130 269 2206 tempore
302 2144 367 2186 non
401 2124 510 2209 pigeat
543 2144 602 2186 nos
635 2124 783 2187 inuisere.
828 2123 913 2187 Nam
946 2123 1088 2187 Alardus
1128 2131 1238 2208 urget,
1273 2132 1310 2186 ut

123 2228 363 2312 quamprimum
385 2227 593 2292 absoluantur
615 2230 730 2292 omnia.
774 2227 863 2292 Nihil
885 2238 994 2292 autem
1016 2236 1125 2304 restat,
1148 2228 1211 2291 nisi
1225 2235 1261 2290 ut
1277 2235 1310 2289 et

121 2329 254 2394 nitidius
284 2340 317 2394 et
345 2333 531 2415 castigatius
562 2333 795 2410 describantur,
828 2355 910 2419 quae
933 2333 1021 2419 apud
1043 2342 1075 2395 te
1106 2331 1307 2395 dehtescunt.

121 2435 188 2499 Pro
211 2436 381 2521 epitaphiis
404 2437 509 2502 habeo
531 2439 676 2521 gratiam.
722 2436 804 2502 Vale
827 2438 972 2501 feliciter.

230 2561 285 2609 Ans
304 2559 364 2610 dem
383 2560 447 2611 (lod.
466 2561 531 2612 Hor.
549 2562 580 2612 Δ.
599 2579 623 2628 p.
643 2564 684 2613 61.

671 2786 767 2851 XXI.

223 2985 400 3042 (terendus
423 2985 549 3043 Riuius
573 2986 817 3044 (tandauenais
840 2988 878 3042 D.
902 2987 1002 3043 Mart.
1026 2986 1158 3054 Lypsio
1182 2988 1212 3042 s.

228 3169 327 3233 Dolet
348 3192 409 3247 me,
434 3172 485 3234 vir
507 3171 635 3256 optime,
661 3170 747 3255 quod
770 3170 877 3234 literas
900 3179 971 3235 tuas
994 3172 1176 3256 acceperim
1199 3171 1309 3247 serius,

122 3295 223 3359 quam
245 3283 282 3337 ut
302 3274 435 3361 implere
459 3275 584 3340 licuerit
606 3276 693 3361 quod
715 3274 891 3361 postulasti,
916 3275 1039 3339 scihcet
1060 3274 1103 3338 ad
1125 3283 1157 3337 te
1180 3276 1227 3337 uti
1241 3297 1311 3359 pro*

120 3401 280 3465 perorem.
325 3380 502 3444 Peccatum
532 3391 581 3445 est
608 3381 753 3445 nonnihil
781 3381 843 3444 hac
866 3382 899 3444 in
922 3403 966 3457 re,
998 3402 1063 3444 non
1085 3379 1219 3456 inficior,
1253 3379 1310 3443 sed

121 3484 241 3562 aliena,
271 3506 336 3548 non
366 3507 439 3550 mea
469 3485 573 3572 culpa.
619 3486 780 3567 Hesterno
803 3487 887 3550 enim
911 3485 1101 3571 crepusculo
1123 3486 1212 3570 prius
1233 3484 1311 3547 mihi

122 3587 272 3653 redditae
303 3599 386 3653 sunt.
431 3589 481 3652 Ne
511 3591 708 3675 persuadeas
738 3590 797 3654 tibi
828 3612 947 3675 quaeso
977 3590 1114 3653 inuitum
1141 3612 1192 3653 me
1215 3589 1258 3653 ad
1279 3598 1311 3652 te

120 3694 303 3757 ventitare:
330 3693 376 3756 nil
397 3702 446 3757 est
469 3695 555 3778 quod
577 3715 671 3778 mage
694 3693 812 3759 faciam
835 3694 982 3758 libenter.
1021 3694 1144 3758 Verum
1166 3694 1200 3758 id
1222 3715 1312 3779 prae-

121 3799 219 3883 cipue
243 3820 342 3883 graue
366 3808 422 3877 est,
448 3809 487 3862 ea
509 3821 544 3862 re
566 3801 808 3863 intermoratum
824 3798 1029 3862 describendi
1044 3800 1224 3883 negocium,
1248 3798 1309 3862 ad¹

121 3903 214 3988 quod
242 3924 357 3987 urgere
380 3902 539 3968 Alardum
571 3904 735 3989 scripsisti.
782 3901 848 3967 Sed
876 3925 992 3988 precor
1021 3905 1127 3967 animo
1157 3905 1204 3967 uti
1226 3902 1310 3966 bono

120 4009 179 4072 sis.
225 4006 370 4072 Afferam
399 4017 471 4073 tuas
501 4010 731 4086 annotationes,
765 4008 823 4072 sed
845 4030 884 4072 ea
906 4007 998 4086 facie,
1030 4029 1094 4093 qua
1116 4008 1194 4073 mihi
1216 4007 1311 4072 tradi-

120 4112 230 4176 deras.
275 4111 373 4177 Absit
401 4122 438 4177 ut
467 4134 526 4197 ego
556 4115 723 4198 imperitus
745 4114 850 4198 pictor
871 4112 1009 4177 audeam
1031 4112 1122 4177 fucos
1145 4135 1233 4176 meos
1256 4114 1311 4175 im-

118 4218 260 4281 miscere
283 4218 428 4303 picturae
459 4219 704 4283 venustissimae
728 4227 760 4282 et
782 4219 834 4281 ei2
855 4219 1009 4303 picturae,
1043 4240 1140 4303 quam
1162 4239 1226 4281 non
1249 4217 1310 4279 nisi

118 4325 159 4386 in
174 4321 314 4387 deterius
329 4331 443 4387 mutes.
467 4323 510 4386 Et
524 4323 577 4387 hic
600 4346 665 4388 non
687 4323 844 4387 immerito
867 4347 887 4388 a
909 4332 940 4386 te
964 4323 1116 4407 obiurgor
1137 4320 1232 4386 homo
1254 4322 1310 4384 im-

118 4427 276 4515 prudens,
308 4429 394 4512 quod
425 4438 518 4492 extra
547 4431 700 4492 terminos
731 4452 751 4492 a
779 4438 812 4492 te
841 4427 1060 4514 praescriptos
1086 4427 1248 4512 eruperim
1277 4427 1310 4488 in

167 4679 175 4712 ¹
193 4677 227 4726 ad
244 4678 279 4727 iat
297 4675 367 4726 wohl
385 4693 420 4726 zu
438 4676 579 4726 streichen.

162 4763 237 4813 2Ηε.
257 4779 297 4829 ος.
