3372 5768
129 558 223 630 [701]
431 569 531 609 Erasmus
546 580 586 610 von
601 569 725 610 Rotterdam
741 570 785 610 und
799 569 906 610 Martinus
920 569 1014 620 Lipsius.
1272 552 1313 616 39

129 747 313 830 instigasse.
351 745 453 809 Nobis
484 746 560 810 satis
591 755 639 808 est
669 747 793 809 eminus
816 746 850 810 id
873 746 972 809 veluti
995 747 1192 830 pedetentim
1215 747 1312 830 sequi,

130 850 219 934 quod
252 850 387 935 adsequi
425 870 489 915 non
522 873 701 935 possumus.
755 850 869 935 Neque
903 850 1008 935 talpae
1043 850 1240 929 damnamus
1266 872 1314 913 ca-

127 977 282 1040 prearum
315 954 423 1019 oculos
457 975 561 1038 neque
594 952 773 1038 aquilarum
806 964 952 1018 noctuae.
997 951 1110 1018 Restat
1139 955 1244 1037 igitur,
1279 964 1314 1018 ut

128 1058 220 1124 uelut
241 1059 434 1145 postliminio
457 1081 477 1122 a
491 1068 522 1121 te
539 1057 665 1135 liberer,
691 1058 744 1143 qui
767 1058 938 1122 immodico
961 1080 1057 1123 onere
1079 1067 1164 1122 totus
1186 1058 1314 1138 fatisco;

128 1186 206 1227 nam
228 1173 264 1227 ut
286 1163 354 1227 dixi
376 1172 600 1246 argumentum
622 1162 701 1226 illud
723 1172 851 1247 praeter
874 1163 959 1225 uires
982 1171 1039 1226 est.
1086 1161 1151 1226 Sed
1181 1161 1234 1224 hic
1263 1183 1315 1224 me

128 1289 245 1354 parum
268 1267 388 1331 audies.
434 1266 484 1329 Tu
514 1266 599 1343 vide,
631 1289 672 1329 ne
702 1266 755 1329 hic
785 1266 876 1330 labor
905 1276 979 1330 tuus
1010 1267 1155 1351 quamuis
1185 1267 1315 1329 minime

128 1373 232 1437 malus
255 1371 409 1435 inuidiam
430 1372 489 1436 tibi
512 1371 629 1435 conflet
651 1393 690 1435 ac
712 1371 841 1435 turbam
864 1372 991 1448 excitet,
1025 1392 1108 1434 neue
1131 1371 1184 1448 illi,
1209 1371 1261 1433 cui
1283 1379 1315 1433 te

128 1477 240 1541 aiebas
262 1477 323 1540 hoc
346 1474 465 1540 laboris
487 1497 663 1560 agressum,
692 1497 808 1562 nempe
830 1475 881 1552 N„
912 1485 1083 1561 propterea
1106 1476 1192 1560 quod
1221 1476 1254 1539 in
1278 1496 1316 1538 ea

127 1581 251 1645 harena
273 1581 390 1665 optime
413 1603 452 1644 ac
476 1581 693 1644 strenuissime
717 1579 881 1644 sudauerit
902 1579 945 1642 D.
968 1579 1132 1655 Erasmus,
1161 1580 1215 1663 qui
1237 1578 1315 1642 nihil

128 1687 198 1749 fere
232 1685 317 1770 quod
351 1685 393 1748 ad
426 1685 510 1748 hanc
544 1706 613 1748 rem
646 1685 785 1772 pertinet
818 1684 1009 1748 intentatum
1040 1683 1176 1768 reliquit.
1221 1682 1314 1746 Nosti

128 1791 326 1855 aemulorum
341 1791 579 1875 procacitatem.
608 1790 741 1854 Etiamsi
758 1790 875 1853 desunt
891 1811 1016 1865 causae,
1040 1799 1149 1852 tamen
1165 1787 1313 1852 alicunde

128 1895 219 1961 uelut
248 1895 357 1958 aranei
391 1893 518 1978 fingunt
551 1916 593 1957 ex
625 1915 659 1957 se
690 1893 776 1978 quod
810 1893 1009 1956 cauillentur.
1056 1891 1250 1956 Clamabunt
1283 1901 1315 1954 te

129 2023 263 2087 carpere
279 2001 458 2077 Erasmum,
484 1998 654 2084 suggillare
669 2000 914 2084 Hieronymum,
939 2000 1035 2063 etiam
1050 2008 1223 2082 antequam
1239 1999 1315 2061 satis

128 2107 286 2183 nouen'nt,
310 2105 388 2190 quid
410 2106 631 2170 annotationes
655 2115 728 2168 tuae
752 2104 944 2168 contineant.
990 2103 1040 2167 Ita
1066 2104 1195 2188 penitus
1223 2101 1313 2178 sedit,

128 2211 216 2297 quod
238 2219 293 2274 aut
316 2209 484 2274 diuturnus
514 2233 591 2274 usus
614 2218 670 2274 aut
691 2231 817 2274 morum
845 2229 1022 2272 concensus
1044 2209 1176 2292 recepit.
1220 2207 1315 2270 Prae-

128 2316 245 2379 stiterit
266 2315 374 2380 forsan
397 2314 466 2379 illos
488 2316 686 2399 ignorantiae
710 2336 786 2378 suae
814 2313 994 2398 relinquere
1017 2334 1114 2396 quam
1136 2311 1315 2375 benefactis

128 2419 256 2485 illorum
285 2421 530 2505 peruersitatem
560 2421 693 2484 irritare.
738 2419 831 2483 Nosti
858 2418 974 2503 quibus
1005 2416 1153 2503 procellis
1180 2419 1316 2480 iactatus

127 2526 172 2588 sit
192 2524 355 2601 Erasmus,
379 2525 429 2586 vir
451 2533 517 2588 tam
540 2522 757 2599 admirandus,
781 2543 886 2606 neque
909 2530 957 2586 tot
983 2520 1259 2584 lucubrationibus
1282 2521 1314 2582 in

127 2638 231 2693 totum
260 2629 364 2714 potuit
394 2628 549 2693 inuidiam
579 2630 777 2712 extinguere.
818 2627 892 2691 Non
915 2627 1001 2689 enim
1023 2623 1100 2710 quid
1123 2633 1212 2688 recta
1235 2625 1315 2687 ratio

128 2733 264 2798 suadeat
295 2732 509 2810 considerant,
541 2733 598 2796 sed
630 2731 783 2818 quicquid
806 2731 1012 2817 persuasione
1036 2729 1131 2793 stulta
1154 2727 1316 2804 combibe-⁴

127 2840 194 2902 rint
209 2838 361 2925 probant.
407 2833 499 2903 Haec
529 2837 607 2900 mihi
636 2846 713 2922 puto
743 2836 870 2900 licuisse
903 2835 1069 2899 amiciciae
1092 2835 1161 2897 iure
1197 2831 1314 2896 dicere.

127 2942 182 3006 Tu
204 2942 334 3028 quidem
357 2944 384 3005 si
406 2942 520 3006 melius
543 2941 620 3026 quid
643 2941 783 3026 dispicis‚
808 2941 912 3003 utitor.
955 2938 1036 3003 Vale
1060 2939 1163 3002 amice
1178 2939 1314 3020 integer-

126 3049 219 3112 rime.
265 3048 363 3111 Breui
392 3047 529 3133 recipies
562 3055 634 3111 tuas
668 3046 898 3110 annotationes.
945 3043 1056 3108 Saluta
1084 3065 1156 3107 meo
1187 3043 1315 3106 nomine

129 3153 174 3217 D.
198 3150 426 3236 Augustinum.

282 3381 451 3446 Epitaphium
469 3382 497 3428 ia
515 3378 631 3429 Iodocam
650 3377 780 3444 macor,
799 3381 878 3428 ciuem
895 3378 978 3429 Bruta.
1001 3377 1170 3429 Causidicum.

337 3557 451 3606 Incubat
468 3555 531 3604 huie
549 3554 651 3604 tumulo
670 3554 732 3603 fatis
750 3553 867 3603 Jodocus
885 3555 984 3618 iniquis

390 3642 523 3700 Sublatus
542 3644 641 3690 iustum
659 3641 774 3706 Lypsius
792 3645 855 3690 ante
874 3640 952 3690 diem.

336 3731 421 3796 Regia
439 3729 577 3796 deplanxit
595 3729 689 3794 grandi
707 3744 786 3794 super
807 3729 897 3776 onmia
914 3727 988 3777 luctu

388 3819 468 3867 Hunc
487 3817 694 3878 Cameracensis,
714 3819 895 3865 contemerata
913 3829 987 3864 nece.

336 3907 467 3956 Justiciae
484 3905 583 3954 vindex
602 3907 707 3954 seruato
726 3903 832 3952 tramite
846 3901 937 3966 legum

389 3992 513 4054 Curabat,
532 3991 645 4058 populus
664 4005 734 4056 quae
752 3989 911 4040 excutienda
930 3988 1010 4038 dedit.

337 4079 423 4129 Proh¹
442 4078 524 4142 dolor,
543 4081 694 4144 importuna
712 4079 787 4127 venit
805 4091 882 4139 mors,
902 4077 991 4125 omnia
1009 4090 1143 4140 rumpens,

388 4166 497 4216 Tollens
515 4166 601 4231 quae²
618 4165 710 4231 populi
728 4164 867 4214 commoda
885 4199 1100 4214 .........
1109 4162 1119 4196 ³

337 4252 389 4304 Sed
407 4259 444 4316 tu,
463 4267 564 4303 summe
582 4257 666 4318 pater,
685 4251 801 4302 concede
819 4252 949 4316 perennia
967 4265 1057 4315 regna,

390 4342 465 4403 Quae
482 4341 580 4390 meruit
596 4341 681 4390 virtus
699 4353 803 4404 semper
820 4341 911 4390 amata
928 4338 993 4387 viro.
1075 4407 1079 4414 ι

174 4569 180 4602 ¹
200 4569 247 4619 Hs.
266 4569 361 4620 Proch.

171 4659 182 4692 '²
201 4657 372 4722 Tollensque.

173 4743 184 4777 ³
202 4744 266 4793 Vier
285 4742 376 4793 Silben
396 4742 504 4808 (ιω-)
523 4741 581 4792 sind
600 4740 774 4809 ausgefallen.
