3320 5742
112 492 213 565 [791]
353 501 356 506 “
424 504 524 544 Erasmus
538 516 579 544 von
594 505 718 547 Rotterdsnr
734 509 777 548 und
792 509 900 549 Martinus
914 510 1010 561 Lipsius.
1148 503 1151 508 '
1252 498 1313 560 1⁶29

112 681 197 743 sime
239 681 407 757 instruxit,
447 680 596 744 omnibus
633 682 823 747 incredibile
858 685 906 748 sui
939 685 1137 750 desiderium
1174 687 1313 772 reliquit.
1366 716 1368 722 ·

111 785 156 848 D.
182 785 334 849 Joannes
357 783 539 849 0111111111Ῑ
563 787 723 850 amicitiae
740 797 773 851 et
791 790 996 872 gratitudinis
1020 813 1097 875 ergo
1120 790 1182 855 hoc
1205 814 1313 857 monu-

110 898 268 952 mentum
291 891 397 974 posuit
420 888 528 954 Oonfr.
553 912 609 953 suo
631 891 674 954 D.
698 890 780 956 Mar.
805 893 938 979 Lypsio

224 993 324 1057 Anno
349 993 442 1058 1555.
469 995 518 1058 10.
542 994 701 1060 kalendas
724 994 856 1082 Aprilis.

221 1117 282 1167 Aua
299 1117 360 1168 dem
379 1117 442 1168 Ood.
461 1118 525 1168 Hor.
544 1119 575 1168 A.
594 1136 620 1185 p.
641 1121 689 1170 156
700 1119 726 1168 ff.

681 1327 752 1392 XC.

407 1504 580 1561 Martinus
603 1505 757 1572 nypsius
780 1520 824 1561 an
847 1505 1022 1562 Erasmus.

222 1664 257 1729 S.
281 1665 317 1728 P.
350 1664 443 1727 Haeo
467 1665 539 1727 misi
563 1663 605 1727 ad
628 1661 850 1751 Goele(nium)
874 1666 962 1728 circa
986 1666 1163 1730 secundam
1180 1667 1312 1732 domini-

115 1794 191 1835 cam
215 1771 379 1835 aduentus
403 1770 533 1834 domini.
564 1771 646 1834 Boni
671 1769 811 1850 consule,
835 1779 871 1833 ut
894 1770 986 1834 soles.
1011 1769 1166 1848 Sciamus,
1191 1794 1245 1835 oro
1268 1781 1311 1854 te,

111 1885 148 1938 ut
171 1875 298 1954 valeas,
323 1875 402 1962 quid
424 1897 513 1959 agas.
539 1874 656 1939 Modus
680 1873 823 1959 legendi:
856 1875 895 1938 In
916 1875 1058 1939 secundo
1075 1875 1129 1940 lib.
1146 1877 1309 1963 Interpell.

112 1982 209 2046 Pasc.
249 1981 352 2059 ‚Nosti
374 1980 548 2045 hominem‘
572 1981 612 2044 al.
637 1981 724 2045 aliud
748 1981 923 2068 exemplar.
954 1981 1093 2068 Reliqua
1116 1983 1203 2046 clara
1227 1991 1309 2047 sunt.

220 2087 340 2150 Modus
363 2086 492 2170 legendi
514 2087 548 2149 in
570 2087 618 2164 iis,
644 2109 727 2172 quae
751 2087 909 2169 castigaui
932 2087 965 2149 in
982 2087 1118 2150 caeteris
1134 2086 1238 2151 tribus
1253 2085 1309 2152 lib.

111 2175 297 2278 Interpell:
336 2192 483 2255 Primum
513 2190 708 2255 describitur
738 2213 891 2254 numerus
915 2192 1068 2277 paginae3
1099 2200 1212 2275 postea
1234 2214 1310 2255 non-

112 2319 284 2382 nunquam
308 2296 438 2359 additur
462 2298 591 2372 ,uersu²
613 2319 633 2360 a
655 2298 736 2382 prin.
761 2303 844 2382 cap!
867 2296 901 2359 id
924 2304 973 2358 est
995 2318 1092 2359 uersu
1115 2319 1135 2359 a
1152 2297 1310 2382 principio

113 2403 232 2487 capitis
264 2410 296 2464 et
326 2409 386 2464 cet.
419 2408 552 2486 tumque
586 2401 789 2486 incipiendus
824 2410 874 2464 est
907 2422 1061 2464 numerus
1096 2423 1116 2463 a
1150 2403 1309 2486 principio

114 2507 242 2592 eapitis.
289 2503 475 2590 Aliquando
505 2505 635 2568 additur
662 2527 796 2568 numero
820 2507 957 2590 paginae
981 2527 1058 2581 ‚uer
1082 2528 1102 2568 a
1125 2505 1199 2568 1111ι
1224 2507 1309 2591 oapi-

112 2619 250 2696 tumque
281 2632 301 2672 a
330 2609 394 2672 fine
426 2610 541 2695 capitis
573 2608 747 2682 ordiendus
778 2599 827 2672 est
857 2631 1020 2686 numerus
1053 2619 1089 2673 ut
1112 2609 1154 2673 ad
1178 2632 1310 2674 uersum

113 2714 323 2799 designatum
358 2713 482 2800 absque
513 2735 620 2776 errore
651 2715 824 2800 pertingas.
870 2713 1066 2800 Plerumque
1097 2713 1185 2798 leges
1217 2715 1307 2799 ,Pag.

112 2829 144 2882 et
168 2822 245 2883 cet‘
277 2840 385 2895 ‚versu
409 2828 441 2881 et
463 2825 536 2881 cet!
567 2816 729 2881 interdum
753 2818 842 2901 ,Pag
867 2827 899 2880 et
922 2827 982 2882 cet.
1005 2841 1104 2882 versu
1127 2842 1146 2882 a
1168 2819 1232 2883 line
1255 2843 1308 2906 pa-

110 2926 221 3008 ginae‘
254 2935 287 2988 et
317 2926 430 3010 opinor
463 2933 494 2986 te
529 2925 606 2986 satis
640 2921 889 3003 intellecturum,
924 2923 1082 3009 quomodo
1117 2927 1308 2988 numerare3

112 3039 271 3115 oporteat.
297 3028 385 3109 Quid
405 3030 516 3112 magni
532 3028 692 3109 fecissem,
718 3029 744 3090 si
759 3029 937 3091 mississem
952 3027 1006 3092 lib.
1025 3029 1213 3106 secundum,
1238 3029 1308 3092 reli-

110 3135 185 3218 quis
216 3144 285 3197 tam
315 3131 523 3218 deprauatis?
569 3131 635 3196 Sed
665 3154 763 3218 super
793 3140 937 3195 caeteros
968 3134 1090 3218 primus
1117 3132 1205 3196 lacer
1228 3143 1306 3197 erat.

109 3239 210 3303 Nune
234 3248 271 3302 ut
293 3238 373 3302 nihil
395 3238 491 3315 aliud,
517 3247 604 3302 certe
628 3239 850 3321 castigatiores
875 3237 1012 3302 exibunt
1033 3238 1089 3302 hi⁴
1111 3237 1185 3301 libri
1209 3261 1307 3324 quam

108 3345 213 3429 prius,
239 3365 300 3407 nec
317 3344 420 3407 deerit
436 3343 607 3406 secundus.
630 3342 742 3426 Igitur,
767 3352 803 3406 ut
818 3342 896 3419 dixi,
921 3342 997 3406 boni
1013 3341 1144 3432 consule
1167 3353 1201 3406 et
1222 3343 1306 3407 vale.
1410 3417 1413 3423 ,

106 3449 184 3512 Hoc
209 3449 326 3512 eodem
349 3457 502 3534 tempore,
536 3447 650 3511 eodem
673 3449 791 3510 nuncio
814 3448 949 3533 deposui
971 3448 1060 3533 apud
1083 3445 1306 3533 Goelenlium)

106 3553 295 3618 secundum
325 3551 473 3639 lib(rum)
497 3551 675 3638 Apologiae
698 3553 810 3616 Dauid
843 3562 875 3616 et
904 3575 952 3629 ea,
981 3574 1064 3638 quae
1092 3553 1250 3636 castigaui
1272 3554 1305 3615 in

104 3660 218 3744 primo
243 3656 410 3744 apologiae
433 3655 524 3721 libro.
571 3657 651 3720 Erat
673 3657 805 3742 quidem
833 3659 955 3743 primus
978 3656 1030 3720 ille
1055 3656 1125 3744 (qui
1148 3656 1305 3721 hactenus

104 3771 247 3847 putatus
271 3772 414 3825 estesse
438 3760 537 3848 solus)
562 3762 718 3844 castigate
742 3760 917 3824 admodum
941 3761 1056 3844 editus,
1082 3760 1226 3824 sednon
1249 3760 1305 3824 du-

103 3866 189 3945 bito,
217 3868 295 3952 quin
319 3866 433 3930 saltem
455 3866 564 3952 aliqua
595 3864 653 3928 tibi
682 3864 858 3951 placebunt
881 3888 923 3928 ex
953 3867 1000 3942 iis,
1030 3887 1113 3950 quac
1141 3864 1304 3929 adnotavi.

103 3971 240 4036 Verum
259 3972 346 4036 hunc
370 3971 549 4034 secundum
572 3970 691 4034 librum
706 3970 885 4056 Apologiae
909 3992 972 4034 non
995 3968 1096 4032 clausi
1118 3971 1151 4032 in
1174 3970 1306 4034 modum

103 4085 326 4153 caeterorum,
342 4085 506 4162 quactum
518 4076 599 4151 misi,
616 4075 674 4138 sed
687 4075 788 4138 solum
799 4073 930 4139 inuolui.
947 4074 990 4137 Et
1004 4075 1069 4138 scio
1082 4073 1304 4160 Goelenlium)

108 4203 241 4212 ———-0.
247 4205 321 4210 .-—-.

156 4255 161 4286 ¹
183 4254 279 4304 Ueber
296 4253 435 4303 Johanues
454 4251 598 4314 costerius,
622 4251 673 4300 den
692 4251 837 4316 allgemein
857 4250 921 4316 (vgl.
939 4249 1008 4300 auch
1027 4250 1153 4316 Foppens
1170 4250 1188 4299 l.
1207 4249 1241 4314 c.)
1260 4265 1304 4314 ge·

179 4341 308 4390 rithmten
322 4341 408 4401 Prior,
426 4339 474 4388 der
491 4339 544 4389 den
562 4340 709 4389 Boinamen
728 4337 859 4388 Columba
877 4337 974 4400 stibna,
992 4336 1027 4386 cf.
1046 4336 1179 4386 Sauderus
1197 4337 1214 4387 1.
1228 4353 1250 4387 e.
1269 4337 1303 4385 11.

182 4430 244 4490 125,
263 4426 388 4476 woselbst
405 4426 475 4476 auch
493 4425 618 4492 Epitaph.
653 4425 691 4474 Er
709 4425 781 4474 starb
800 4439 842 4473 am
862 4426 887 4474 9.
905 4425 979 4473 Mttrz
999 4425 1073 4472 1559.

148 4514 160 4548 ²
181 4531 215 4565 su
234 4516 269 4564 ist
286 4513 390 4580 getilgt.

149 4599 160 4634 ³
180 4600 323 4651 vielleicht
342 4586 485 4652 numerari.

152 4687 163 4720 ⁴
183 4689 241 4738 Vor
259 4689 286 4737 hi
304 4687 345 4750 hd,
364 4687 427 4737 aber
444 4693 550 4759 getilgt.
