3320 5742
376 552 417 614 72
819 593 823 602 -
896 567 1041 608 Horruits
1475 558 1576 632 [734]

376 747 430 829 qui
446 767 466 807 a
481 743 585 820 lautis,
611 743 728 828 quibus
748 745 866 806 assueti
888 746 973 820 estis,
998 743 1101 828 epulis
1117 743 1158 807 ad
1174 746 1326 807 rusticam
1342 745 1575 830 frugalemque

375 870 433 912 vos
456 850 641 912 auocauerit
667 847 857 911 mensulam.
903 849 1026 912 Verum
1054 851 1113 911 etsi
1141 848 1222 912 haec
1247 851 1293 912 ita
1314 849 1469 926 habeant,
1505 854 1575 934 spei

375 963 483 1017 tamen
506 953 621 1038 plenus
644 974 724 1032 sum,
756 974 794 1016 eo
821 953 907 1037 quod
929 953 1084 1036 singulari
1106 953 1276 1017 eruditioni
1299 975 1412 1038 parem
1434 954 1575 1017 addide-

375 1061 444 1122 ritis
476 1058 722 1122 humanitatem:
756 1079 861 1143 neque
895 1061 981 1122 enim
1015 1057 1055 1122 dc
1089 1066 1156 1122 tam
1185 1058 1362 1123 honorabili
1399 1060 1573 1124 sodalitio¹

376 1165 493 1228 sentire
509 1185 569 1248 par
584 1172 641 1226 est.
677 1161 785 1248 Atque
800 1164 923 1226 utinam
938 1172 1082 1226 vestrum
1098 1163 1283 1248 exemplum
1299 1173 1453 1248 prouocet
1471 1187 1574 1249 quam

374 1269 537 1354 plurimos.
590 1253 673 1331 Sunt
702 1269 788 1331 enim
818 1289 882 1331 non
912 1270 1017 1352 pauci,
1049 1271 1103 1352 qui
1130 1265 1302 1351 Augustini
1332 1268 1410 1332 nihil
1441 1268 1572 1333 habent

373 1381 502 1458 praeter
523 1372 651 1436 titulum
675 1381 707 1435 et
729 1371 816 1435 hunc
838 1375 978 1436 inanem.
1011 1370 1144 1436 Certum
1165 1392 1305 1456 namque
1329 1381 1377 1434 cst
1398 1394 1461 1435 nec
1481 1355 1573 1457 ¹quis-

375 1500 471 1563 quam
494 1477 630 1541 inficiari
653 1485 760 1562 potest
780 1475 999 1560 Augustinum
1029 1477 1063 1540 id
1093 1476 1203 1540 sedulo
1234 1485 1385 1540 conatum
1415 1498 1503 1553 esse,
1537 1489 1573 1540 ut

375 1586 424 1647 sui
447 1591 620 1646 sectatores
644 1590 677 1644 et
694 1580 873 1645 eruditione
889 1591 921 1645 et
937 1584 1148 1646 sanctimonia
1163 1584 1298 1646 cacteris
1313 1583 1570 1666 praeminerent.

374 1687 514 1751 Posthac
536 1687 642 1770 igitur,
674 1688 700 1749 si
723 1685 775 1749 vel
802 1685 968 1770 paululum
997 1684 1135 1749 fiduciae
1162 1686 1385 1771 praebueritis,
1418 1686 1572 1750 crebrius

374 1791 417 1856 ad
439 1813 498 1854 vos
522 1791 664 1855 scribere
687 1790 832 1854 decroni:
862 1813 939 1854 nam
961 1793 1006 1854 ita
1028 1793 1185 1868 tantum,²
1207 1792 1240 1853 ni
1262 1789 1363 1867 fallor,
1388 1793 1571 1874 continget,

374 1905 411 1959 ut
432 1897 577 1959 vicissim
598 1895 679 1960 alius
695 1896 749 1960 alii
763 1918 828 1960 non
843 1896 922 1960 nihil
936 1896 1121 1960 adferamus
1140 1895 1294 1959 utilitatis.
1333 1893 1511 1958 Caeterum
1528 1896 1571 1959 de

374 2000 547 2085 tragoedia,
579 2022 676 2085 quam
698 2001 838 2065 Louanii
860 2004 1043 2065 excitarunt
1064 2003 1096 2077 ii,
1128 2021 1263 2085 quorum
1292 1999 1379 2063 haud
1407 2002 1572 2083 ignoratis

374 2109 512 2182 nomina,
544 2126 696 2190 quorsum
726 2109 839 2170 attinet
871 2106 1034 2170 scribere?
1065 2106 1213 2170 Profecto
1243 2107 1376 2169 istorum
1404 2106 1571 2189 impetum

374 2210 494 2276 retudit
515 2209 748 2302 aliquantulum
770 2210 976 2295 paraphrasis
998 2213 1031 2274 in
1055 2209 1271 2296 apostolorum
1294 2219 1375 2287 acta,
1404 2207 1571 2275 Clementi

374 2318 517 2381 maximo
546 2316 691 2400 pontifici
721 2315 837 2380 dicata.
882 2317 972 2379 Bene
1002 2316 1084 2394 vale,
1119 2319 1163 2379 mi
1194 2314 1380 2393 Godofride,
1410 2313 1571 2401 recteque

373 2421 480 2487 valeat
509 2421 731 2485 honorandum
761 2431 905 2484 uestrum
936 2421 1116 2506 collegium.
1162 2420 1274 2485 Saluta
1301 2423 1406 2498 etiam,
1437 2442 1495 2484 oro
1526 2431 1569 2498 te,

374 2527 544 2611 dihgenter
567 2526 661 2590 simul
684 2535 717 2589 et
738 2535 884 2589 amanter
905 2528 1142 2590 ornatissimum
1164 2535 1309 2589 vestrum
1334 2524 1568 2609 patriarcham,

372 2635 479 2695 virum
503 2629 604 2717 (quod
625 2632 767 2694 fatentur
789 2630 914 2717 omnes)
943 2640 975 2694 et
1001 2634 1090 2717 pium
1114 2640 1146 2694 et
1167 2630 1352 2695 facundum.
1399 2629 1569 2694 Salutabis

374 2746 406 2799 et
428 2736 583 2802 Iacobum
606 2735 773 2812 Thomam,
796 2739 896 2801 nostri
919 2737 1184 2800 amantissimum.
1230 2735 1283 2799 Ex
1305 2744 1414 2799 nostra
1437 2735 1568 2812 cellula,

373 2844 493 2905 mensis
516 2841 583 2904 Mai
606 2843 761 2925 uigesimo
785 2841 846 2905 die.

475 2964 530 3014 Aus
549 2965 610 3014 dem
629 2964 693 3015 Cod.
713 2966 777 3016 Hor.
795 2965 827 3016 A.
846 2983 871 3032 p.
890 2967 931 3016 93.

938 3243 993 3307 LI.
1350 3263 1391 3310 er.
1410 3263 1466 3311 run
1486 3264 1567 3311 1524.

428 3445 632 3500 Ludouious
655 3445 834 3501 Rolandus
857 3444 1101 3500 Bruxellensis
1125 3445 1163 3498 D.
1188 3444 1341 3500 Martino
1364 3444 1508 3511 hyp-io,

544 3550 716 3606 canonico
740 3550 779 3604 in·
800 3550 1070 3606 Martinenslum
1093 3550 1272 3614 coenobio,
1295 3551 1326 3605 S.
1351 3550 1389 3604 D.

475 3734 648 3800 Carissimo
667 3735 746 3799 mihi
765 3736 807 3800 D.
825 3736 972 3812 Martine,
997 3740 1182 3821 accepimus
1205 3736 1323 3810 literas,
1349 3755 1428 3819 quas
1451 3734 1568 3798 fratri³

371 3851 479 3905 nostro
495 3838 681 3917 Godefrido,
706 3843 761 3924 qui
775 3843 840 3903 iam
856 3839 992 3926 pridem,
1018 3862 1091 3902 cum
1107 3841 1289 3925 presbiterii
1306 3840 1425 3903 honore
1441 3838 1566 3902 donan-

371 3946 432 4009 dus
447 3944 489 4009 ad
504 3967 562 4008 vos
578 3968 598 4009 a
612 3945 736 4009 Leodio
751 3945 936 4009 diuertisset
937 3996 1085 4022 .......
1094 3950 1105 3988 ⁴
1126 3947 1250 4022 misisti,
1267 3947 1300 4007 in
1316 3945 1433 4031 quibus
1448 3943 1565 4008 videre

371 4059 420 4115 est
442 4053 584 4114 animum
607 4060 697 4113 tuum
721 4050 839 4114 obnixe
863 4050 1103 4133 efflagitantem,
1134 4061 1170 4113 ut
1193 4072 1209 4113 e
1233 4059 1343 4114 nostra
1363 4049 1567 4115 bibliotheca

370 4156 429 4219 tibi
457 4155 658 4220 commodato
688 4154 844 4218 donemus
875 4155 974 4218 libros
997 4155 1093 4218 Tullii
1116 4157 1340 4239 quaestionum
1362 4153 1565 4218 Tusculana-

369 4281 441 4324 rum
460 4262 604 4344 itemque
624 4259 665 4323 de
684 4258 820 4342 legibus.
865 4258 910 4322 Ut
929 4260 1026 4342 igitur
1040 4261 1153 4343 paucis
1170 4269 1278 4322 tecum
1294 4277 1398 4341 agam,
1423 4260 1564 4322 coniicio

414 4490 421 4524 ¹
440 4489 550 4540 Scheint
567 4489 646 4539 aliter
664 4488 839 4554 ausgefallen.

412 4577 421 4613 ²
439 4577 558 4627 tandum.

411 4664 421 4698 ³
439 4665 508 4714 frati.

410 4753 421 4785 ⁴
439 4751 566 4802 Offenbar
583 4752 693 4817 Einiges
710 4750 885 4816 ausgefallen.
