3320 5742
26 529 29 534 l
68 544 169 617 [771]
395 557 495 596 Erasmus
510 567 550 595 von
566 554 690 595 Rotterdutn
705 553 748 594 und
763 553 870 594 Martinus
885 552 980 603 Lipsius.
1051 603 1053 607 Ι
1217 535 1278 597 109

68 733 265 817 Augustini
295 732 447 818 operibus
477 731 691 807 adnumerari,
724 751 806 815 quae
837 729 963 814 phrasis
994 729 1095 814 ipsius
1118 751 1182 792 non
1206 750 1277 790 esse

68 838 241 915 declarat,
278 838 482 901 verissimum
512 845 569 899 est.
616 834 681 899 Sed
712 857 751 898 ea
782 834 950 899 dinoscere
974 856 1038 896 non
1061 833 1142 897 adeo
1169 835 1278 916 magni

68 942 176 1006 fuerit
194 943 340 1027 negocii.
365 940 464 1005 Aliud
480 940 636 1026 quiddam
658 949 715 1017 est,
742 940 828 1024 quod
851 961 925 1002 cum
948 940 982 1001 in
997 937 1140 1015 aliorum,
1162 947 1232 1001 tum
1247 940 1281 1000 in

68 1048 172 1111 huius
200 1048 318 1110 eximii
341 1047 402 1108 riri
433 1045 584 1130 operibus
616 1044 739 1108 factum
770 1044 925 1108 dolemus.
971 1042 1142 1122 Quaedam
1165 1042 1280 1106 mediis

68 1151 161 1215 illius
180 1153 318 1236 scriptis
334 1152 454 1214 inserta
470 1160 544 1213 sunt
558 1149 600 1214 ab
616 1148 783 1213 audaeulis
799 1156 832 1210 et
846 1148 993 1212 indoctis.
1021 1147 1114 1212 Haec
1131 1169 1279 1210 resecare

70 1257 259 1340 indignum
282 1255 504 1319 clamidabunt
525 1255 557 1331 ii,
581 1256 637 1338 qui
651 1264 739 1319 recto
756 1262 867 1317 carent
882 1253 1010 1317 iudicio.
1035 1251 1069 1316 Si
1083 1253 1165 1317 forte
1181 1274 1280 1336 neges

70 1361 106 1424 id
132 1383 212 1424 esse
239 1360 364 1424 factum
386 1361 420 1422 in
442 1361 523 1422 tanti
546 1361 608 1422 viri
629 1358 729 1436 libris,
762 1359 894 1423 unicum
916 1358 1077 1442 proferam
1100 1357 1216 1436 locum,
1248 1359 1281 1421 in

72 1489 140 1551 quo
165 1467 205 1530 id
231 1464 357 1530 factum
380 1466 450 1548 ipse
473 1463 614 1528 fatearis.
638 1464 678 1526 In
700 1462 835 1548 epistola
851 1462 977 1526 Paulini
993 1462 1035 1526 ad
1051 1462 1279 1546 Augustinum,

75 1593 164 1656 quae
190 1580 246 1633 est
268 1591 402 1633 numero
426 1570 693 1653 quinquagesima
716 1577 840 1643 octaua,
864 1569 897 1630 in
919 1567 1020 1651 ipsius
1044 1567 1197 1651 epistolae
1217 1588 1281 1630 me-

75 1675 130 1739 dio
164 1675 409 1760 ineptissimam
440 1674 625 1736 interseruit
655 1672 882 1757 etymologiam
904 1673 1069 1735 nominum
1092 1672 1227 1756 apostoli
1251 1682 1282 1734 et

76 1780 268 1865 prophetae
291 1781 400 1842 nescio
424 1779 505 1863 quis,
530 1786 701 1863 propterea
724 1777 811 1862 quod
835 1776 875 1840 de
894 1777 1045 1861 apostolis
1062 1798 1101 1841 ac
1117 1776 1281 1862 prophetis

76 1886 172 1969 prius
197 1885 324 1947 mentio
348 1882 434 1946 faeta
456 1892 534 1947 erat.
580 1882 626 1946 Ut
649 1883 743 1958 enim,
768 1883 880 1965 inquit,
905 1880 947 1944 ad
971 1883 1038 1943 vim
1060 1883 1189 1944 termini
1212 1904 1282 1966 pro-

78 1989 224 2065 ficiscar,
260 1987 423 2072 apostolus
447 1985 610 2052 Graecum
640 1986 757 2049 dicitur
780 1986 822 2050 ab
845 1991 957 2070 ap0s‚¹
985 1985 1073 2070 quod
1095 1995 1185 2050 notat
1206 2008 1282 2069 aug-

78 2100 234 2156 mentum
258 2092 312 2156 uel
334 2092 630 2177 praeeminentiam,
656 2102 688 2154 et
711 2091 822 2167 stolon,
857 2090 943 2176 quod
967 2101 1016 2153 est
1038 2093 1156 2168 missi0,
1190 2093 1282 2177 quasi

81 2199 350 2281 praeeminenter
378 2198 494 2260 missus
525 2195 566 2259 ad
597 2198 893 2280 augmentationem
924 2196 1047 2259 scilicet
1076 2196 1153 2259 fidei
1176 2196 1282 2261 catho-

81 2301 176 2366 licae.
226 2302 272 2365 Et
294 2311 368 2386 post
389 2323 509 2386 pauca:
542 2300 720 2387 ,propheta‘
750 2310 867 2376 autem,
899 2301 1016 2384 inquit,
1045 2323 1074 2377 ,a
1097 2324 1154 2386 pro
1178 2301 1211 2365 id
1235 2311 1284 2364 est

83 2407 201 2491 procul
236 2416 270 2470 et
300 2406 349 2469 for
380 2405 468 2483 faris,
501 2407 593 2491 quasi
616 2427 699 2490 quae
723 2415 805 2482 sunt,
835 2413 928 2468 erunt
951 2403 1004 2466 vel
1027 2404 1166 2482 fuerunt,
1197 2405 1283 2470 loeu-

23 2519 28 2534 '
83 2521 188 2575 turus.
215 2511 256 2573 In
280 2519 431 2594 promptu
456 2519 542 2573 esset
564 2519 596 2572 et
618 2510 697 2573 alios
720 2509 883 2573 adducere
899 2507 995 2586 locos,
1021 2511 1046 2572 si
1061 2509 1095 2572 id
1110 2531 1161 2606 res
1176 2520 1284 2595 postu-

86 2614 179 2698 laret,
206 2614 268 2678 sed
292 2614 378 2678 hune
401 2614 460 2679 tibi
477 2615 625 2678 sufficere
641 2615 816 2678 arbitratus
833 2636 913 2678 sum.
938 2614 992 2677 An
1007 2614 1088 2678 haec
1106 2617 1283 2700 scripturus

88 2730 158 2783 erat
182 2719 302 2783 doctus
324 2719 377 2782 ille
400 2717 553 2782 Paulinus
576 2729 665 2783 tanto
689 2719 866 2804 episcopo?
911 2719 962 2781 De
986 2719 1055 2782 aliis
1078 2719 1167 2783 libris
1191 2743 1210 2784 a
1233 2743 1284 2784 me

89 2827 260 2908 castigatis
283 2824 361 2887 nihil
384 2823 500 2901 dicam,
525 2845 565 2887 ne
588 2823 701 2887 videar
723 2825 787 2887 mei
810 2825 910 2908 ipsius
937 2846 1008 2887 esse
1038 2824 1122 2887 velle
1153 2825 1283 2889 tibicen.

88 2928 227 2994 Utinam
251 2951 329 2993 uero
352 2937 389 2992 tu
411 2950 549 3014 quoque,
582 2931 626 2992 mi
649 2928 778 3008 Iacobe,
810 2929 954 2992 nonnihil
979 2929 1142 2993 conferres
1166 2933 1198 2993 in
1221 2951 1284 2993 me-

89 3033 180 3098 dium
204 3045 239 3099 et
263 3057 327 3098 non
351 3034 452 3099 solum
476 3044 691 3120 spectatorem
714 3044 745 3097 te
770 3034 963 3098 exhiberes²
986 3035 1125 3100 fabulae,
1148 3035 1233 3099 Nam
1254 3045 1286 3098 et

89 3148 124 3202 tu
147 3162 216 3204 non
240 3141 347 3203 minus
370 3148 467 3224 atque
484 3161 543 3223 ego
559 3139 788 3224 Augustiniani
810 3141 956 3204 instituti·
968 3140 1131 3225 professor
1150 3163 1201 3203 es:
1225 3163 1286 3204 nee

89 3252 125 3306 tu
155 3246 269 3309 minus
300 3267 338 3308 ac
370 3265 429 3327 ego
461 3245 528 3307 eius
557 3243 743 3308 eruditionis
767 3253 799 3306 et
822 3244 997 3309 admirator
1020 3255 1051 3308 et
1074 3255 1205 3309 amator.
1253 3243 1287 3309 Si

89 3371 248 3434 unquam,
280 3359 366 3413 certe
394 3371 480 3412 nunc
503 3359 631 3434 tempus
662 3360 710 3413 est
741 3349 936 3426 conferendi,
970 3351 1174 3428 discutiendi,
1198 3353 1287 3415 resti-

89 3454 216 3531 tuendi,
252 3454 444 3538 corrigendi,
476 3456 581 3540 potius
614 3477 711 3540 quam
734 3455 898 3518 laudandi.
944 3454 1059 3540 Neque
1083 3466 1149 3520 tam
1172 3456 1287 3520 auidus

90 3580 162 3621 sum
203 3561 342 3644 gloriae,
386 3570 422 3624 ut
459 3583 530 3624 eam
564 3560 707 3624 nondum
741 3560 884 3624 debitam
918 3563 1102 3646 praeripere
1140 3565 1286 3646 gestiam.

89 3662 265 3728 Postremo
289 3665 329 3728 de
354 3663 556 3730 Germanicis
586 3665 783 3730 nouitatibus
813 3667 892 3749 agis,
926 3667 1058 3743 sedita,
1091 3688 1152 3729 ceu
1173 3689 1288 3752 parum

88 3766 198 3832 fidens
224 3771 267 3834 ob
291 3769 514 3847 calumniosos,
538 3779 573 3833 ut
595 3769 687 3833 malis
710 3771 742 3832 in
766 3779 868 3833 toturn
891 3770 931 3833 de
955 3770 1017 3834 illis
1041 3771 1142 3834 silere.
1167 3772 1212 3834 At
1228 3794 1287 3856 ego

90 3870 130 3934 de
156 3871 252 3938 libris
277 3875 379 3938 sensi:
403 3875 441 3937 iis
464 3874 578 3938 Luteri
602 3883 634 3937 et
655 3873 892 3938 Luteranorum
916 3875 988 3939 odio
1013 3877 1058 3939 sic
1085 3876 1288 3958 insidiantur,

90 3995 145 4039 eos
184 3979 234 4042 sie
269 3989 472 4056 execrantur,
504 3989 540 4042 ut
572 4001 634 4042 nec
668 3979 761 4044 bonis
796 3991 828 4042 et
857 3979 899 4044 ab
930 3979 991 4044 hoc
1021 4002 1147 4044 veneno
1176 3981 1288 4045 alienis

89 4091 206 4163 pateat
222 4083 340 4148 aditus.
371 4084 456 4148 Nam
471 4106 553 4170 quae
577 4084 663 4148 fama
686 4084 816 4168 spargit,
840 4086 948 4148 inuitis
965 4086 1113 4150 omnibus
1130 4107 1289 4170 nusquam
1390 4159 1392 4163 ¹

90 4206 156 4250 non
180 4189 375 4275 inumpunt.
401 4189 512 4254 Saluta
534 4212 655 4276 quaeso
678 4211 751 4253 mea
774 4212 873 4254 causa
896 4190 1080 4274 singulatim
1103 4189 1182 4266 illos,
1208 4213 1289 4276 quos

91 4285 265 4358 literarum
288 4316 377 4358 amor
400 4294 614 4358 adamantinis
637 4293 777 4358 nexibus
800 4293 878 4358 mihi
902 4294 1064 4377 colligauit
1087 4303 1119 4356 et
1141 4294 1223 4358 vale.

199 4418 259 4468 Ans
277 4419 337 4468 dem
357 4419 421 4469 Cod.
440 4419 505 4470 Hor.
524 4419 555 4469 Δ.
574 4437 599 4486 p.
620 4421 678 4470 135.

94 4557 308 4570 -—--—-—·

138 4643 147 4674 ¹
166 4660 234 4711 apos
255 4649 309 4710 (am
327 4646 421 4696 Raude
439 4646 480 4711 †);
500 4659 528 4695 es
545 4648 580 4695 ist
599 4637 667 4703 αἶπος
686 4648 812 4712 gemeint.

139 4730 149 4764 ²
168 4732 320 4783 ehbiberes.
