3372 5768
95 585 105 656 l
112 587 192 656 Ῑθὸ]
412 599 511 639 Erasmus
525 611 566 638 von
581 599 704 640 Rotterdam
720 599 763 639 und
778 599 884 640 Martinus
899 599 993 650 Lipsius.
1249 584 1290 647 43

95 794 162 835 non
186 783 426 852 recusaturum,
450 777 589 861 primum
612 775 698 860 quod
720 777 833 860 possis,
858 774 974 838 deinde
998 775 1084 859 quod
1099 775 1180 838 uelis
1195 775 1291 837 etiam

95 878 160 940 tuis
193 879 350 943 omnibus
379 879 572 944 auxiliarier.
618 878 714 943 Nunc
744 880 840 962 igitur
869 879 948 964 quid
970 890 1002 943 te
1026 879 1182 964 deprecor
1204 879 1289 942 audi.

96 980 169 1044 Iam
192 983 328 1066 pridem
351 1005 449 1069 quum
471 985 505 1047 in
519 983 588 1047 foro
605 992 766 1068 spectator
780 984 922 1068 itemque
938 983 1121 1068 explorator
1135 1005 1292 1047 nouarum

97 1107 211 1150 rerum
235 1087 396 1166 adessem,
420 1088 532 1152 incidit
552 1091 670 1153 mentio
687 1088 727 1152 de
743 1090 840 1152 uariis
855 1088 953 1165 libris,
978 1110 1057 1174 quos
1069 1083 1136 1152 huc
1151 1088 1292 1168 fecunda

97 1193 296 1256 transmittit
310 1184 493 1258 Germania.
517 1193 678 1278 Rogatum
701 1202 749 1256 est
771 1192 893 1256 ibidem
914 1215 934 1255 a
955 1192 1085 1277 publico
1108 1192 1290 1278 bibliopola,

97 1317 178 1360 num
212 1299 249 1360 in
281 1307 433 1384 promptu
465 1298 600 1362 haberet
629 1297 816 1383 Philippum
846 1297 1106 1361 Melanchtonem
1140 1298 1180 1362 de
1213 1297 1291 1362 locis

99 1399 252 1465 obscuris
285 1402 481 1487 theologiae¹
519 1401 660 1488 (constat
693 1403 779 1465 enim
812 1401 951 1465 edidisse
986 1411 1018 1465 et
1049 1401 1103 1465 hic
1137 1402 1293 1487 quosdam

99 1505 252 1593 emisse)3
285 1527 369 1571 anne
400 1507 512 1571 liceret
534 1505 691 1570 mercari?
736 1506 938 1592 Responsum
965 1515 1013 1570 est
1034 1508 1139 1591 ipsum
1163 1506 1294 1592 quidem

100 1630 166 1673 non
189 1609 325 1688 habere,
350 1633 419 1674 esse
443 1621 550 1675 tamen
569 1612 603 1674 in
618 1611 753 1675 aliorum
768 1611 919 1689 tabernis,
944 1611 1001 1674 sed
1016 1612 1060 1674 ita
1075 1619 1110 1674 ut
1125 1610 1290 1688 celaretur,

100 1735 140 1777 ne
158 1716 267 1778 cuiuis
291 1737 308 1778 e
332 1714 430 1799 vulgo
453 1717 588 1800 emptori
610 1716 856 1800 permitteretur,
881 1715 967 1801 quod
990 1716 1102 1800 opinor
1124 1736 1188 1779 non
1202 1715 1293 1779 undi-

101 1840 235 1904 quaque
268 1842 343 1884 cum
371 1821 605 1884 neotericorum
637 1820 856 1903 theologorum
885 1819 1088 1904 opinionibus
1123 1821 1293 1884 conueniat

102 1921 201 2009 (adeo
233 1946 300 1988 non
330 1934 434 1988 tutum
464 1933 512 1988 est
536 1924 713 2001 dissentire,
745 1925 842 1988 etiam
863 1925 1014 2010 aequiore
1037 1923 1163 2012 eausa),
1195 1947 1292 1988 causa

102 2034 215 2092 tamen
249 2030 379 2113 cognita
408 2028 450 2093 ab
480 2029 696 2093 uniuersitatis
720 2027 918 2093 Cancellario
941 2038 997 2092 aut
1018 2052 1038 2093 a
1060 2029 1197 2093 Rectore
1220 2052 1292 2094 con-

103 2131 185 2209 cedi,
212 2133 241 2195 si
265 2155 421 2217 personae
444 2133 615 2198 videantur
638 2133 713 2197 satis
736 2132 879 2196 idoneae.
909 2131 1001 2196 Haec
1024 2155 1098 2197 eum
1120 2133 1290 2217 audissem,

104 2235 332 2321 desperabam,
357 2247 444 2301 certo
461 2239 565 2301 sciens
582 2237 651 2300 fieri
666 2259 730 2300 non
745 2258 848 2321 posse,
865 2246 901 2300 ut
916 2258 987 2301 meo
1003 2247 1103 2300 marte
1119 2237 1290 2315 efficerem,

104 2342 192 2426 quod
224 2341 385 2407 volebam.
431 2342 497 2407 Sed
529 2341 800 2428 quemadmodum
822 2341 892 2404 fieri
915 2342 994 2406 solet
1016 2343 1049 2405 in
1072 2342 1169 2406 rebus
1193 2343 1290 2419 duris,

106 2445 147 2509 ad
170 2448 294 2510 amicos
318 2469 369 2511 me
393 2449 545 2526 conuerti,
578 2449 661 2511 inter
684 2469 763 2532 quos
786 2455 821 2510 tu
843 2445 921 2510 mihi
944 2451 982 2520 ὡς
1005 2449 1067 2522 θεὸς
1089 2449 1142 2509 ἀπὸ
1165 2455 1292 2527 μηχανῆς

106 2551 294 2628 occurebas,
330 2574 393 2637 quo
427 2574 520 2616 nemo
554 2553 587 2615 in
621 2551 682 2616 hoc
711 2552 901 2636 praesertim
931 2553 1065 2635 negocio
1095 2552 1293 2636 praesentior

106 2675 175 2717 esse
199 2657 312 2740 possit,
341 2655 456 2719 Defert
479 2657 575 2740 igitur
597 2655 640 2720 ad
660 2664 692 2719 te
717 2677 847 2720 causam
863 2677 953 2719 suam
970 2654 1153 2720 clientulus:
1176 2656 1291 2720 amabo

106 2767 146 2836 te,
177 2761 224 2824 mi
248 2760 395 2837 Martiae,
426 2771 463 2824 ut
491 2771 663 2846 patronum
693 2783 780 2844 agas.
818 2759 926 2838 Vales,
956 2760 1051 2825 modo
1073 2760 1163 2824 velis.
1208 2760 1293 2824 Noui

107 2865 192 2928 enim
224 2871 256 2928 te
287 2864 375 2950 apud
402 2864 562 2951 Dorpium
590 2866 624 2928 in
654 2866 763 2950 precio
793 2887 873 2942 esse,
908 2866 996 2950 apud
1030 2885 1125 2950 quem
1158 2886 1209 2928 res
1244 2863 1294 2951 (ut

107 2967 203 3055 nosti)
236 2970 363 3052 agenda
393 2979 449 3046 est,
480 2967 651 3056 propterea
673 2968 759 3054 quod
782 2991 868 3033 nunc
890 2969 1076 3033 academiae
1100 2972 1140 3032 sit
1162 2970 1293 3032 rector.²

107 3071 176 3136 Iam
200 3095 265 3158 qua
287 3075 410 3138 ratione
432 3074 488 3138 fiet
510 3074 653 3138 aduerte.
676 3074 801 3138 Poteris
817 3072 978 3137 hominem
993 3073 1093 3137 literis
1108 3074 1170 3137 tuis
1186 3072 1293 3158 appel-

108 3176 229 3242 lareet
252 3180 346 3244 amici
368 3180 473 3263 gratia
494 3188 548 3244 tuo
571 3180 700 3243 nomine
722 3200 856 3263 poscere
880 3176 1018 3264 (certum
1041 3179 1126 3242 enim
1142 3177 1293 3262 estquod

108 3281 186 3348 nihil
219 3285 266 3347 tui
300 3306 399 3348 causa
432 3285 472 3348 sit
505 3283 758 3370 aspernaturus),
795 3282 932 3367 sigillum
968 3291 1023 3346 aut
1056 3283 1294 3347 cantiunculam

109 3408 231 3470 rogare,
273 3408 337 3473 qua
365 3388 529 3452 testificari
563 3389 666 3473 possis
700 3387 788 3473 apud
820 3386 1038 3472 bibliopolam,
1073 3389 1292 3451 consentiente

109 3492 327 3557 uniuersitatis
348 3493 514 3578 praefecto
535 3493 615 3556 fieri.
638 3493 850 3577 Impetratum
872 3501 929 3569 est,
953 3493 1015 3555 nisi
1037 3500 1073 3555 tu
1095 3491 1292 3556 detrectaris.

109 3593 142 3658 si
172 3598 297 3674 annius,
332 3597 402 3682 ipse
431 3619 491 3680 ego
523 3597 631 3660 literas
663 3618 700 3660 eo
732 3596 876 3660 deferam
908 3606 940 3659 et
971 3597 1005 3659 in
1032 3597 1162 3681 propria
1196 3618 1294 3660 causa

110 3699 314 3779 Mercurium,
346 3701 408 3766 hoc
438 3711 487 3765 est
515 3703 669 3766 nuncium
690 3724 795 3786 agam.
840 3701 907 3765 Ubi
930 3710 1037 3764 autem
1059 3701 1292 3786 impetraueris,

110 3812 144 3868 tu
158 3809 285 3871 ociosus
300 3817 377 3884 esto,
395 3829 455 3891 ego
470 3807 641 3892 praestabo
658 3816 794 3871 caetera.
817 3805 927 3870 Facile
944 3807 1028 3870 enim
1046 3814 1094 3869 est
1111 3806 1294 3871 columbam

111 3909 144 3972 in
165 3933 274 3975 aream
297 3911 471 3975 deductam
495 3933 620 3997 capere.
648 3910 774 3988 Valeto‚
798 3911 841 3972 mi
864 3910 1055 3974 amicissime
1078 3910 1121 3973 D.
1145 3911 1291 3988 Martine,

112 4023 143 4077 et
166 4017 193 4078 si
215 4015 343 4079 uidetur
365 4037 436 4078 meo
460 4015 590 4080 consilio
613 4025 703 4078 utere
727 4015 779 4078 vel
801 4014 889 4078 aliud
911 4015 1130 4099 perspicacius
1158 4037 1294 4080 commo·

154 4245 162 4276 ¹
180 4245 233 4294 Die
251 4248 320 4294 erste
338 4243 462 4309 Ausgabe
480 4242 527 4293 der
544 4244 575 4294 L.
595 4241 625 4294 C.
638 4243 759 4293 ersehien
777 4245 856 4293 unter
874 4243 934 4294 dem
953 4243 1037 4294 Titel:
1056 4245 1122 4294 Loci
1141 4259 1294 4294 communes

178 4346 266 4382 rerum
285 4330 496 4397 theologicarum
514 4345 561 4380 seu
579 4329 758 4396 hypotyposes
776 4329 951 4396 theologicae.
976 4331 1146 4396 Wittenberg
1165 4331 1238 4383 1521.
1257 4331 1293 4383 4⁰.

151 4417 161 4452 ²
179 4419 309 4470 Martinus
319 4419 435 4484 Dorpius
447 4432 501 4466 war
510 4418 609 4468 Rector
617 4417 664 4467 der
673 4419 803 4467 Ltwener
813 4418 980 4468 Universitttt
989 4434 1051 4468 vom
1063 4417 1164 4467 letzten
1174 4419 1294 4468 Februar
1329 4400 1332 4406 ⁸

180 4507 245 4556 1523
255 4507 296 4556 bis
305 4521 366 4556 zum
375 4504 475 4554 letuten
484 4504 589 4570 August
598 4503 737 4554 desselben
747 4505 850 4555 Jahres.
871 4505 911 4555 ef.
923 4505 989 4554 {lber
1001 4505 1048 4554 ihu
1058 4505 1090 4554 F.
1099 4503 1181 4567 Neve,
1194 4505 1293 4554 Martis

178 4593 295 4657 Dorpius
312 4597 340 4643 et
357 4591 396 4642 les
414 4588 506 4642 studes
524 4589 703 4642 d'humanitts
725 4592 791 4642 dans
809 4591 848 4642 les
866 4589 955 4642 eccles
978 4592 1011 4642 de
1029 4593 1153 4642 Louvain
1171 4607 1206 4642 au
1224 4608 1293 4642 com·

179 4684 346 4730 mencement
357 4679 393 4728 du
405 4679 490 4728 XVI⁸.
504 4677 584 4728 siecle
596 4681 632 4728 im
645 4679 782 4730 Annuaire
794 4679 827 4729 de
839 4676 1011 4731 l’Universite
1030 4678 1062 4729 de
1075 4680 1198 4729 Louvain
1219 4681 1293 4744 1873,

180 4785 204 4834 p.
225 4769 272 4816 391
285 4767 310 4816 ff.
925 4778 926 4782 ’
