3372 5768
374 454 416 518 64
896 472 1042 516 florawitz.
1472 461 1569 534 [726]

283 684 290 702 ι
372 650 556 735 putidulum
578 649 666 713 fouet
688 650 908 733 benignitate?
954 650 1034 730 Quis
1057 659 1124 714 tam
1147 673 1219 714 rara
1241 651 1448 734 prosequitur
1468 649 1569 712 bene-

372 754 533 818 uolentia?
577 755 661 818 Nam
681 765 714 819 et
736 777 779 818 ex
800 754 849 818 his
873 754 1014 819 fontibus
1038 757 1253 819 scaturierunt
1274 753 1386 818 laudes
1410 754 1482 818 illae
1499 778 1569 818 am·

372 857 543 944 piissimae,
569 881 649 944 quas
671 881 847 942 agnoscere
870 868 961 923 vetor
983 883 1002 923 a
1025 861 1154 945 propria
1177 860 1383 935 conscientia,
1408 880 1491 943 quae
1512 882 1568 922 me

372 963 475 1042 docet,
493 964 579 1049 quod
595 965 627 1026 in
643 972 733 1047 tergo
747 971 795 1026 est
807 966 966 1028 manticae
978 969 983 1005 ¹
1001 987 1079 1049 prae
1092 963 1192 1029 oculis
1205 965 1408 1028 constituere.
1439 963 1568 1027 Verum

371 1091 408 1132 eo
440 1068 577 1154 amplius
607 1092 657 1132 me
688 1069 747 1132 tibi
778 1067 961 1151 obligatum·
984 1068 1087 1132 fatear
1113 1091 1164 1132 me
1193 1068 1298 1131 iudice
1326 1091 1386 1152 par
1408 1076 1466 1144 est,
1499 1091 1567 1153 quo

372 1173 538 1237 sublimius
568 1184 697 1259 praeter
726 1195 834 1236 meum
863 1175 1012 1236 meritum
1038 1172 1190 1236 laudibus
1220 1173 1282 1235 tuis
1305 1171 1441 1236 attollor.
1488 1173 1567 1236 Pro-

370 1277 454 1342 fecto
478 1279 547 1365 ipso
570 1279 698 1342 testaris
720 1299 826 1362 opere,
859 1277 946 1362 quod
972 1278 1074 1361 magis
1104 1277 1163 1340 tibi
1190 1276 1317 1362 placeat
1339 1276 1373 1339 id
1395 1275 1567 1340 hominum

369 1404 480 1465 genus,
514 1384 566 1446 cui
589 1382 686 1446 falsas
709 1382 843 1446 aliorum
870 1383 1005 1446 uirtutes
1033 1403 1231 1465 exaggerare
1262 1380 1351 1444 cordi
1374 1390 1431 1457 est,
1465 1402 1567 1465 quam

368 1488 415 1564 iis,
441 1488 495 1571 qui
511 1509 589 1550 vera
604 1487 755 1550 insectari
771 1487 857 1563 vitia,
883 1487 941 1550 sed
963 1487 1066 1570 magis
1089 1486 1226 1550 hominis
1249 1508 1346 1571 quam
1367 1487 1436 1548 vitii
1460 1487 1566 1570 ipsius

368 1591 441 1654 odio
465 1599 685 1666 assueuerunt,
710 1592 861 1654 nimirum
887 1590 973 1675 quod
992 1591 1107 1655 horum
1121 1590 1233 1654 laudes
1249 1612 1292 1653 ex
1307 1592 1405 1654 animi
1421 1590 1565 1654 candore

368 1697 427 1759 etsi
450 1718 566 1781 parum
588 1695 751 1758 moderato
774 1695 1032 1780 proficiscuntur,
1057 1694 1126 1758 illos
1141 1717 1218 1758 vero
1238 1704 1308 1759 atra
1328 1694 1402 1760 bilis
1418 1695 1565 1780 possidet

368 1810 400 1863 et
422 1799 586 1862 vindictae
614 1799 784 1884 cupiditas.
830 1799 1026 1884 Quanquam
1054 1821 1129 1882 ergo
1157 1801 1338 1863 encomium
1366 1808 1457 1863 tuum
1486 1801 1564 1862 ciui-

366 1904 439 1967 liter
468 1905 585 1978 reiicio,
622 1904 794 1968 candorem
822 1913 930 1967 tamen
957 1905 1101 1989 utrisque
1129 1902 1269 1967 brachiis
1297 1903 1475 1988 amplector
1506 1926 1563 1966 ex-

367 2009 523 2072 clamans:
548 2007 582 2071 Si
598 2008 647 2072 his
664 2009 791 2072 dotibus
807 2008 990 2095 praeditum
1010 2017 1059 2070 est
1074 2007 1215 2092 Philippi
1235 2009 1299 2071 mei
1318 2017 1434 2093 pectus
1453 2017 1561 2072 aetate

365 2112 427 2176 hac
452 2114 621 2177 immatura
641 2136 820 2199 parumque
839 2113 993 2191 consulta,
1019 2114 1097 2198 quid
1120 2135 1193 2176 cum
1216 2123 1360 2199 tempore
1383 2112 1428 2177 illi
1450 2135 1560 2176 acces-

366 2240 475 2281 surum
508 2219 711 2282 arbitramur.
759 2218 823 2282 Sed
858 2221 921 2282 iam
955 2220 1087 2303 proemii
1123 2218 1195 2280 finis
1227 2226 1303 2295 esto,
1342 2227 1378 2281 ut
1412 2218 1454 2282 ad
1485 2240 1561 2281 eum

364 2321 518 2407 epistolae
552 2332 626 2387 tuae
654 2324 760 2388 locum
791 2326 928 2400 ueniam,
963 2323 1020 2387 ubi
1049 2345 1101 2386 me
1133 2322 1382 2387 commonefacis
1413 2322 1560 2386 scribens

364 2427 397 2489 in
427 2425 513 2490 hunc
543 2427 688 2492 modum:
723 2428 806 2504 ‚Non
832 2437 864 2491 te
895 2427 994 2492 latere
1022 2428 1120 2492 velim
1147 2430 1253 2492 omnia
1279 2430 1312 2490 in
1340 2430 1402 2491 tuis
1431 2426 1560 2491 schedis

363 2533 442 2594 mire
465 2532 635 2617 placuisse,
667 2534 728 2596 nisi
752 2532 838 2618 quod
862 2533 1021 2618 quaedam
1043 2555 1109 2597 non
1135 2555 1177 2596 ex
1200 2534 1238 2596 iis
1261 2532 1404 2597 fontibus
1427 2554 1559 2596 manare

363 2635 523 2713 videntur,
557 2660 574 2700 e
602 2638 719 2722 quibus
747 2646 782 2701 tu
809 2637 862 2701 illa
890 2639 1017 2720 organis
1045 2636 1095 2724 (ut
1121 2639 1165 2701 ita
1193 2636 1314 2723 dicam)
1343 2636 1558 2721 pneumaticis

362 2739 462 2803 fluere
501 2743 653 2824 coegisti.‘
699 2742 867 2806 Hactenus
905 2752 960 2805 tua
999 2743 1146 2805 recensui
1184 2742 1294 2818 verba,
1338 2763 1421 2827 quae
1460 2763 1558 2825 quam

362 2844 440 2907 mihi
462 2845 613 2930 placeant
634 2847 692 2909 vix
720 2865 836 2931 queam
860 2847 958 2909 effari.
1004 2845 1193 2930 Amplector
1222 2847 1317 2909 amici
1348 2845 1557 2909 eruditissimi

363 2953 554 3014 sententiam
578 2961 610 3014 et
633 2951 763 3036 quidem
786 2951 932 3015 libenter.
979 2951 1038 3014 Est
1059 2959 1168 3016 tamen
1191 2934 1322 3036 aliquid,
1352 2951 1439 3036 quod
1466 2972 1557 3036 prae-

361 3062 471 3118 texam
502 3063 534 3117 et
561 3078 624 3140 quo
655 3077 706 3118 me
737 3065 837 3120 tuear.
882 3056 1045 3139 Principio
1073 3057 1178 3119 omnia
1210 3055 1320 3132 ferme,
1353 3077 1436 3140 quae
1466 3077 1556 3139 prae-

361 3158 435 3221 fixis
460 3158 592 3224 stellulis
615 3162 742 3237 notasti,
767 3183 810 3223 ex
825 3160 951 3223 Erasmi
966 3161 1030 3222 mei
1046 3159 1208 3244 opusculo,
1234 3160 1286 3223 cui
1309 3159 1418 3223 titulus
1443 3168 1492 3221 est
1513 3158 1555 3221 de

363 3264 604 3329 conscribendis
620 3265 794 3350 epistolis‚2
813 3264 904 3329 hausi
924 3266 1094 3348 visumque
1109 3263 1187 3327 mihi
1203 3273 1253 3326 est
1268 3263 1407 3327 eundem
1423 3286 1553 3327 seruare
1596 3307 1602 3328 .

362 3368 507 3432 ordinem
529 3370 563 3432 in
586 3369 727 3433 locorum
752 3369 905 3452 catalogo,
931 3391 1027 3454 quem
1042 3369 1122 3432 inibi
1137 3369 1274 3453 repperi.
1314 3368 1367 3432 Ad
1386 3369 1468 3432 haec
1489 3392 1552 3432 non

363 3482 432 3537 erat
460 3475 585 3538 animus
614 3497 652 3538 ea
680 3474 782 3537 solum
805 3472 937 3557 singulis
960 3482 1134 3537 annectere
1157 3473 1330 3550 radicibus,
1363 3495 1446 3558 quae
1475 3475 1553 3558 ipsis

362 3587 453 3641 erant
476 3601 552 3641 vere
576 3600 738 3662 germana,
771 3578 827 3642 sed
855 3588 888 3642 et
915 3600 961 3655 ea,
996 3600 1078 3662 quae
1103 3578 1247 3642 nonnihil
1269 3577 1426 3642 haberent
1450 3578 1550 3642 affini-

302 3721 306 3728 ·
362 3683 445 3745 tatis.
485 3683 607 3768 Verum
628 3685 696 3768 ipse
712 3706 770 3769 pro
786 3693 841 3747 tua
856 3683 1028 3768 prudentia
1044 3682 1124 3746 haec
1140 3683 1404 3760 animaduertisti,
1429 3684 1551 3768 opinor,

360 3807 397 3848 eo
422 3786 509 3871 quod
532 3788 685 3851 asterisco
708 3789 814 3872 potius
843 3796 953 3850 notare
982 3809 1079 3871 quam
1102 3787 1194 3851 obelo
1222 3787 1366 3871 iugulare
1390 3788 1551 3850 censuisti.

358 3890 507 3954 Hortaris
523 3900 730 3976 postremum,
750 3902 786 3955 ut
801 3915 848 3968 ea,
874 3915 956 3977 quae
974 3902 1049 3956 sunt
1063 3915 1201 3956 arcanae
1218 3894 1405 3976 scripturae,
1423 3894 1551 3977 proprio

360 3996 526 4079 ascripta3
548 3995 618 4060 loco
641 3996 682 4059 ab
707 3996 907 4060 ethnicorum
931 3997 1091 4080 theologia
1114 4020 1211 4081 quam
1226 3997 1296 4060 fieri
1315 4005 1422 4081 potest
1437 4006 1551 4060 exacte

401 4204 409 4236 ¹
428 4204 526 4255 Catull.
545 4209 588 4269 22,
608 4209 649 4256 21.

399 4293 515 4343 ²Unter
539 4294 638 4344 diesem
657 4293 727 4344 Titel
754 4295 876 4346 erschien
900 4296 947 4346 das
972 4296 1054 4346 sehon
1077 4295 1167 4346 sriiher
1192 4313 1225 4345 zu
1244 4297 1333 4345 Mainz
1353 4295 1441 4361 (1520,
1464 4295 1549 4359 1522),

432 4380 512 4430 Basel
532 4381 617 4446 (Petri
643 4381 729 4446 1521),
752 4383 863 4448 Leipzig
882 4383 980 4449 (1520),
1004 4383 1075 4432 Koln
1095 4383 1184 4448 (1521)
1210 4383 1277 4432 ohne
1296 4383 1431 4433 Erasmus’
1449 4383 1551 4433 Willen

425 4468 509 4516 edirte
540 4469 624 4517 Wcrk
655 4475 708 4518 erst
740 4471 806 4520 1522
837 4486 870 4518 zu
900 4469 993 4532 Basel,
1029 4472 1058 4519 in
1094 4470 1248 4520 demselben
1278 4470 1361 4520 Jahre
1391 4487 1416 4521 u.
1449 4470 1476 4520 ff.
1514 4486 1548 4518 au

425 4553 588 4620 Strassburg.

397 4641 561 4706 ³asscripta.
