<?xml version="1.0" encoding="UTF-8"?>
<!DOCTYPE html PUBLIC "-//W3C//DTD XHTML 1.0 Transitional//EN"
    "http://www.w3.org/TR/xhtml1/DTD/xhtml1-transitional.dtd">
<html xmlns="http://www.w3.org/1999/xhtml" xml:lang="en" lang="en">
 <head>
  <title>
</title>
<meta http-equiv="Content-Type" content="text/html;charset=utf-8" />
  <meta name='ocr-system' content='tesseract 3.04.00' />
  <meta name='ocr-capabilities' content='ocr_page ocr_carea ocr_par ocr_line ocrx_word'/>
</head>
<body>
  <div class='ocr_page' id='page_1' title='image "./erasmusvonrotte00lipsgoog_0081.png"; bbox 0 0 3320 5742; ppageno 0'>
   <div class='ocr_carea' id='block_1_1' title="bbox 70 565 1266 644">
    <p class='ocr_par' dir='ltr' id='par_1_1' title="bbox 70 565 1266 644">
     <span class='ocr_line' id='line_1_1' title="bbox 70 565 1266 644; baseline -0.003 -20"><span class='ocrx_word' id='word_1_1' title='bbox 70 571 173 644; x_wconf 73' lang='lat'><strong>[737]</strong></span> <span class='ocrx_word' id='word_1_2' title='bbox 380 583 482 623; x_wconf 80' lang='lat' dir='ltr'><strong>Erasmus</strong></span> <span class='ocrx_word' id='word_1_3' title='bbox 497 593 538 622; x_wconf 85' lang='lat' dir='ltr'><strong>von</strong></span> <span class='ocrx_word' id='word_1_4' title='bbox 552 582 677 624; x_wconf 81' lang='lat' dir='ltr'><strong>Rotterdsm</strong></span> <span class='ocrx_word' id='word_1_5' title='bbox 692 583 736 623; x_wconf 87' lang='lat' dir='ltr'><strong>und</strong></span> <span class='ocrx_word' id='word_1_6' title='bbox 750 583 858 624; x_wconf 82' lang='lat' dir='ltr'><strong>Martinus</strong></span> <span class='ocrx_word' id='word_1_7' title='bbox 872 582 967 632; x_wconf 84' lang='lat' dir='ltr'>Lipsius.</span> <span class='ocrx_word' id='word_1_8' title='bbox 1225 565 1266 629; x_wconf 71' lang='grc'><strong>75</strong></span> 
     </span>
    </p>
   </div>
   <div class='ocr_carea' id='block_1_2' title="bbox 72 757 1269 4405">
    <p class='ocr_par' dir='ltr' id='par_1_2' title="bbox 72 757 1269 4405">
     <span class='ocr_line' id='line_1_2' title="bbox 72 757 1265 842; baseline 0.001 -23"><span class='ocrx_word' id='word_1_9' title='bbox 72 757 152 820; x_wconf 91' lang='lat' dir='ltr'><strong>cela</strong></span> <span class='ocrx_word' id='word_1_10' title='bbox 181 779 257 841; x_wconf 79' lang='lat' dir='ltr'><strong>ergo</strong></span> <span class='ocrx_word' id='word_1_11' title='bbox 289 766 322 822; x_wconf 87' lang='lat' dir='ltr'><strong>et</strong></span> <span class='ocrx_word' id='word_1_12' title='bbox 354 760 506 836; x_wconf 90' lang='lat' dir='ltr'><strong>animum,</strong></span> <span class='ocrx_word' id='word_1_13' title='bbox 548 758 809 842; x_wconf 90' lang='lat' dir='ltr'><strong>quandoquidem</strong></span> <span class='ocrx_word' id='word_1_14' title='bbox 846 768 971 822; x_wconf 84' lang='lat' dir='ltr'><strong>mutare</strong></span> <span class='ocrx_word' id='word_1_15' title='bbox 1005 757 1144 821; x_wconf 81' lang='lat' dir='ltr'><strong>necdum</strong></span> <span class='ocrx_word' id='word_1_16' title='bbox 1176 757 1265 822; x_wconf 89' lang='lat' dir='ltr'><strong>libet.</strong></span> 
     </span>
     <span class='ocr_line' id='line_1_3' title="bbox 73 862 1266 947; baseline -0.001 -22"><span class='ocrx_word' id='word_1_17' title='bbox 73 862 165 925; x_wconf 85' lang='lat' dir='ltr'>Sunt</span> <span class='ocrx_word' id='word_1_18' title='bbox 187 885 260 925; x_wconf 90' lang='lat' dir='ltr'><strong>oum</strong></span> <span class='ocrx_word' id='word_1_19' title='bbox 283 862 400 947; x_wconf 90' lang='lat' dir='ltr'><strong>quihus</strong></span> <span class='ocrx_word' id='word_1_20' title='bbox 423 862 545 947; x_wconf 85' lang='lat' dir='ltr'>absque</span> <span class='ocrx_word' id='word_1_21' title='bbox 569 862 691 925; x_wconf 85' lang='lat' dir='ltr'><strong>offensa</strong></span> <span class='ocrx_word' id='word_1_22' title='bbox 712 885 751 926; x_wconf 89' lang='lat' dir='ltr'><strong>ao</strong></span> <span class='ocrx_word' id='word_1_23' title='bbox 774 863 908 926; x_wconf 87' lang='lat' dir='ltr'><strong>fortasse</strong></span> <span class='ocrx_word' id='word_1_24' title='bbox 924 884 999 925; x_wconf 89' lang='lat' dir='ltr'><strong>cum</strong></span> <span class='ocrx_word' id='word_1_25' title='bbox 1014 863 1124 925; x_wconf 87' lang='lat' dir='ltr'><strong>fructu</strong></span> <span class='ocrx_word' id='word_1_26' title='bbox 1139 883 1266 947; x_wconf 92' lang='lat' dir='ltr'><strong>quoque</strong></span> 
     </span>
     <span class='ocr_line' id='line_1_4' title="bbox 72 965 1265 1052; baseline 0.001 -23"><span class='ocrx_word' id='word_1_27' title='bbox 72 977 136 1030; x_wconf 83' lang='lat' dir='ltr'><strong>tua</strong></span> <span class='ocrx_word' id='word_1_28' title='bbox 165 976 303 1031; x_wconf 86' lang='lat' dir='ltr'><strong>tractare</strong></span> <span class='ocrx_word' id='word_1_29' title='bbox 333 970 445 1052; x_wconf 90' lang='lat' dir='ltr'><strong>possis.</strong></span> <span class='ocrx_word' id='word_1_30' title='bbox 492 965 572 1031; x_wconf 93' lang='lat' dir='ltr'><strong>Cum</strong></span> <span class='ocrx_word' id='word_1_31' title='bbox 604 966 653 1030; x_wconf 90' lang='lat' dir='ltr'><strong>his</strong></span> <span class='ocrx_word' id='word_1_32' title='bbox 683 969 781 1050; x_wconf 80' lang='lat' dir='ltr'><strong>igitur</strong></span> <span class='ocrx_word' id='word_1_33' title='bbox 808 976 907 1044; x_wconf 89' lang='lat' dir='ltr'><strong>tuum,</strong></span> <span class='ocrx_word' id='word_1_34' title='bbox 939 969 1003 1030; x_wconf 93' lang='lat' dir='ltr'><strong>imo</strong></span> <span class='ocrx_word' id='word_1_35' title='bbox 1031 966 1149 1031; x_wconf 81' lang='lat' dir='ltr'>Christi</span> <span class='ocrx_word' id='word_1_36' title='bbox 1180 969 1265 1052; x_wconf 79' lang='lat' dir='ltr'><strong>agito</strong></span> 
     </span>
     <span class='ocr_line' id='line_1_5' title="bbox 73 1070 1265 1156; baseline 0.003 -24"><span class='ocrx_word' id='word_1_37' title='bbox 73 1075 261 1155; x_wconf 84' lang='lat' dir='ltr'>negocium.</span> <span class='ocrx_word' id='word_1_38' title='bbox 304 1072 427 1136; x_wconf 87' lang='lat' dir='ltr'><strong>Verum</strong></span> <span class='ocrx_word' id='word_1_39' title='bbox 451 1071 491 1135; x_wconf 91' lang='lat' dir='ltr'><strong>de</strong></span> <span class='ocrx_word' id='word_1_40' title='bbox 514 1071 576 1135; x_wconf 92' lang='lat' dir='ltr'><strong>hao</strong></span> <span class='ocrx_word' id='word_1_41' title='bbox 599 1081 655 1134; x_wconf 91' lang='lat' dir='ltr'><strong>tua</strong></span> <span class='ocrx_word' id='word_1_42' title='bbox 675 1070 823 1135; x_wconf 87' lang='lat' dir='ltr'><strong>libertate</strong></span> <span class='ocrx_word' id='word_1_43' title='bbox 846 1075 910 1135; x_wconf 90' lang='lat' dir='ltr'><strong>iam</strong></span> <span class='ocrx_word' id='word_1_44' title='bbox 934 1074 1011 1134; x_wconf 87' lang='lat' dir='ltr'><strong>satis</strong></span> <span class='ocrx_word' id='word_1_45' title='bbox 1033 1072 1155 1136; x_wconf 90' lang='lat' dir='ltr'><strong>dietum</strong></span> <span class='ocrx_word' id='word_1_46' title='bbox 1178 1082 1265 1156; x_wconf 88' lang='lat' dir='ltr'><strong>puto.</strong></span> 
     </span>
     <span class='ocr_line' id='line_1_6' title="bbox 74 1176 1267 1261; baseline 0.001 -23"><span class='ocrx_word' id='word_1_47' title='bbox 74 1176 254 1261; x_wconf 87' lang='lat' dir='ltr'><strong>Reliquum</strong></span> <span class='ocrx_word' id='word_1_48' title='bbox 270 1187 319 1240; x_wconf 88' lang='lat' dir='ltr'><strong>est</strong></span> <span class='ocrx_word' id='word_1_49' title='bbox 333 1177 440 1241; x_wconf 89' lang='lat' dir='ltr'><strong>adhuc</strong></span> <span class='ocrx_word' id='word_1_50' title='bbox 455 1199 556 1240; x_wconf 92' lang='lat' dir='ltr'><strong>unum</strong></span> <span class='ocrx_word' id='word_1_51' title='bbox 571 1176 735 1261; x_wconf 84' lang='lat' dir='ltr'><strong>quiddam,</strong></span> <span class='ocrx_word' id='word_1_52' title='bbox 757 1197 819 1260; x_wconf 93' lang='lat' dir='ltr'><strong>quo</strong></span> <span class='ocrx_word' id='word_1_53' title='bbox 836 1179 932 1240; x_wconf 86' lang='lat' dir='ltr'><strong>etiam</strong></span> <span class='ocrx_word' id='word_1_54' title='bbox 947 1176 1112 1261; x_wconf 91' lang='lat' dir='ltr'><strong>paululum</strong></span> <span class='ocrx_word' id='word_1_55' title='bbox 1129 1176 1267 1240; x_wconf 89' lang='lat' dir='ltr'><strong>offende-</strong></span> 
     </span>
     <span class='ocr_line' id='line_1_7' title="bbox 74 1280 1266 1365; baseline 0 -21"><span class='ocrx_word' id='word_1_56' title='bbox 74 1280 151 1344; x_wconf 89' lang='lat' dir='ltr'><strong>bar.</strong></span> <span class='ocrx_word' id='word_1_57' title='bbox 197 1280 279 1345; x_wconf 92' lang='lat' dir='ltr'><strong>Cum</strong></span> <span class='ocrx_word' id='word_1_58' title='bbox 308 1282 390 1345; x_wconf 87' lang='lat' dir='ltr'><strong>forte</strong></span> <span class='ocrx_word' id='word_1_59' title='bbox 413 1281 539 1346; x_wconf 84' lang='lat' dir='ltr'><strong>Erasmi</strong></span> <span class='ocrx_word' id='word_1_60' title='bbox 566 1283 686 1345; x_wconf 89' lang='lat' dir='ltr'><strong>mentio</strong></span> <span class='ocrx_word' id='word_1_61' title='bbox 713 1280 888 1358; x_wconf 83' lang='lat' dir='ltr'><strong>incidisset,</strong></span> <span class='ocrx_word' id='word_1_62' title='bbox 922 1280 1096 1365; x_wconf 84' lang='lat' dir='ltr'><strong>explodere</strong></span> <span class='ocrx_word' id='word_1_63' title='bbox 1120 1282 1209 1344; x_wconf 90' lang='lat' dir='ltr'><strong>visus</strong></span> <span class='ocrx_word' id='word_1_64' title='bbox 1232 1303 1266 1344; x_wconf 87' lang='lat' dir='ltr'><strong>es</strong></span> 
     </span>
     <span class='ocr_line' id='line_1_8' title="bbox 74 1385 1266 1471; baseline 0.001 -23"><span class='ocrx_word' id='word_1_65' title='bbox 74 1385 252 1464; x_wconf 85' lang='lat' dir='ltr'><strong>hominem,</strong></span> <span class='ocrx_word' id='word_1_66' title='bbox 276 1389 403 1450; x_wconf 86' lang='lat' dir='ltr'><strong>interim</strong></span> <span class='ocrx_word' id='word_1_67' title='bbox 427 1409 487 1450; x_wconf 91' lang='lat' dir='ltr'><strong>nec</strong></span> <span class='ocrx_word' id='word_1_68' title='bbox 510 1409 530 1449; x_wconf 96' lang='lat' dir='ltr'><strong>a</strong></span> <span class='ocrx_word' id='word_1_69' title='bbox 553 1388 706 1450; x_wconf 86' lang='lat' dir='ltr'><strong>conuiciis</strong></span> <span class='ocrx_word' id='word_1_70' title='bbox 728 1388 761 1448; x_wconf 92' lang='lat' dir='ltr'><strong>in</strong></span> <span class='ocrx_word' id='word_1_71' title='bbox 784 1394 886 1450; x_wconf 91' lang='lat' dir='ltr'><strong>totum</strong></span> <span class='ocrx_word' id='word_1_72' title='bbox 905 1394 1099 1471; x_wconf 87' lang='lat' dir='ltr'><strong>temperans.</strong></span> <span class='ocrx_word' id='word_1_73' title='bbox 1136 1386 1176 1450; x_wconf 92' lang='lat' dir='ltr'><strong>Id</strong></span> <span class='ocrx_word' id='word_1_74' title='bbox 1195 1408 1266 1449; x_wconf 90' lang='lat' dir='ltr'><strong>meo</strong></span> 
     </span>
     <span class='ocr_line' id='line_1_9' title="bbox 75 1489 1266 1574; baseline 0 -21"><span class='ocrx_word' id='word_1_75' title='bbox 75 1491 199 1554; x_wconf 86' lang='lat' dir='ltr'><strong>iudicio</strong></span> <span class='ocrx_word' id='word_1_76' title='bbox 221 1513 285 1554; x_wconf 90' lang='lat' dir='ltr'><strong>non</strong></span> <span class='ocrx_word' id='word_1_77' title='bbox 308 1499 472 1554; x_wconf 88' lang='lat' dir='ltr'><strong>merentur</strong></span> <span class='ocrx_word' id='word_1_78' title='bbox 493 1492 554 1554; x_wconf 91' lang='lat' dir='ltr'><strong>viri</strong></span> <span class='ocrx_word' id='word_1_79' title='bbox 577 1490 660 1554; x_wconf 91' lang='lat' dir='ltr'><strong>illius</strong></span> <span class='ocrx_word' id='word_1_80' title='bbox 683 1489 818 1567; x_wconf 89' lang='lat' dir='ltr'><strong>labores,</strong></span> <span class='ocrx_word' id='word_1_81' title='bbox 844 1490 960 1574; x_wconf 91' lang='lat' dir='ltr'><strong>quibus</strong></span> <span class='ocrx_word' id='word_1_82' title='bbox 976 1500 1064 1554; x_wconf 91' lang='lat' dir='ltr'><strong>tanto</strong></span> <span class='ocrx_word' id='word_1_83' title='bbox 1081 1493 1177 1554; x_wconf 91' lang='lat' dir='ltr'><strong>etiam</strong></span> <span class='ocrx_word' id='word_1_84' title='bbox 1192 1499 1266 1554; x_wconf 89' lang='lat' dir='ltr'><strong>ante</strong></span> 
     </span>
     <span class='ocr_line' id='line_1_10' title="bbox 75 1594 1266 1681; baseline 0.002 -23"><span class='ocrx_word' id='word_1_85' title='bbox 75 1596 237 1659; x_wconf 89' lang='lat' dir='ltr'><strong>Luterum</strong></span> <span class='ocrx_word' id='word_1_86' title='bbox 271 1605 414 1681; x_wconf 88' lang='lat' dir='ltr'><strong>tempore</strong></span> <span class='ocrx_word' id='word_1_87' title='bbox 448 1595 567 1660; x_wconf 82' lang='lat' dir='ltr'><strong>Christi</strong></span> <span class='ocrx_word' id='word_1_88' title='bbox 601 1594 805 1678; x_wconf 82' lang='lat' dir='ltr'><strong>euangehum</strong></span> <span class='ocrx_word' id='word_1_89' title='bbox 838 1595 1017 1660; x_wconf 87' lang='lat' dir='ltr'><strong>illustrauit.</strong></span> <span class='ocrx_word' id='word_1_90' title='bbox 1064 1594 1129 1660; x_wconf 87' lang='lat' dir='ltr'><strong>Sed</strong></span> <span class='ocrx_word' id='word_1_91' title='bbox 1163 1595 1266 1660; x_wconf 89' lang='lat' dir='ltr'><strong>dices:</strong></span> 
     </span>
     <span class='ocr_line' id='line_1_11' title="bbox 77 1699 1266 1784; baseline 0.001 -21"><span class='ocrx_word' id='word_1_92' title='bbox 77 1699 251 1778; x_wconf 89' lang='lat' dir='ltr'><strong>,Dissentit</strong></span> <span class='ocrx_word' id='word_1_93' title='bbox 265 1723 285 1764; x_wconf 92' lang='lat' dir='ltr'><strong>a</strong></span> <span class='ocrx_word' id='word_1_94' title='bbox 300 1701 441 1765; x_wconf 91' lang='lat' dir='ltr'><strong>Lutero.‘</strong></span> <span class='ocrx_word' id='word_1_95' title='bbox 472 1701 522 1764; x_wconf 87' lang='lat' dir='ltr'><strong>lta</strong></span> <span class='ocrx_word' id='word_1_96' title='bbox 537 1723 588 1763; x_wconf 89' lang='lat' dir='ltr'><strong>res</strong></span> <span class='ocrx_word' id='word_1_97' title='bbox 604 1700 712 1765; x_wconf 90' lang='lat' dir='ltr'><strong>habet.</strong></span> <span class='ocrx_word' id='word_1_98' title='bbox 744 1699 832 1779; x_wconf 79' lang='lat' dir='ltr'><strong>Quid</strong></span> <span class='ocrx_word' id='word_1_99' title='bbox 851 1711 919 1763; x_wconf 92' lang='lat' dir='ltr'><strong>tum</strong></span> <span class='ocrx_word' id='word_1_100' title='bbox 935 1700 1068 1784; x_wconf 80' lang='lat' dir='ltr'><strong>postea?</strong></span> <span class='ocrx_word' id='word_1_101' title='bbox 1098 1700 1266 1776; x_wconf 87' lang='lat' dir='ltr'><strong>Dissentit‚</strong></span> 
     </span>
     <span class='ocr_line' id='line_1_12' title="bbox 76 1804 1265 1890; baseline -0.002 -22"><span class='ocrx_word' id='word_1_102' title='bbox 76 1806 138 1869; x_wconf 86' lang='lat' dir='ltr'><strong>sed</strong></span> <span class='ocrx_word' id='word_1_103' title='bbox 161 1806 299 1869; x_wconf 88' lang='lat' dir='ltr'><strong>ciuiliter</strong></span> <span class='ocrx_word' id='word_1_104' title='bbox 321 1806 477 1870; x_wconf 79' lang='lat' dir='ltr'><strong>dissentit.</strong></span> <span class='ocrx_word' id='word_1_105' title='bbox 523 1807 565 1869; x_wconf 78' lang='lat' dir='ltr'><strong>Et</strong></span> <span class='ocrx_word' id='word_1_106' title='bbox 588 1807 660 1890; x_wconf 89' lang='lat' dir='ltr'><strong>quis</strong></span> <span class='ocrx_word' id='word_1_107' title='bbox 683 1814 740 1881; x_wconf 88' lang='lat' dir='ltr'><strong>est,</strong></span> <span class='ocrx_word' id='word_1_108' title='bbox 765 1827 819 1868; x_wconf 91' lang='lat' dir='ltr'><strong>oro</strong></span> <span class='ocrx_word' id='word_1_109' title='bbox 842 1813 883 1882; x_wconf 90' lang='lat' dir='ltr'><strong>te,</strong></span> <span class='ocrx_word' id='word_1_110' title='bbox 907 1806 959 1868; x_wconf 92' lang='lat' dir='ltr'><strong>vel</strong></span> <span class='ocrx_word' id='word_1_111' title='bbox 983 1804 1265 1882; x_wconf 85' lang='lat' dir='ltr'><strong>Luteranissimus,</strong></span> 
     </span>
     <span class='ocr_line' id='line_1_13' title="bbox 76 1909 1266 1995; baseline -0.001 -21"><span class='ocrx_word' id='word_1_112' title='bbox 76 1913 135 1995; x_wconf 94' lang='lat' dir='ltr'><strong>qui</strong></span> <span class='ocrx_word' id='word_1_113' title='bbox 166 1911 328 1974; x_wconf 87' lang='lat' dir='ltr'><strong>affirmare</strong></span> <span class='ocrx_word' id='word_1_114' title='bbox 359 1921 546 1994; x_wconf 86' lang='lat' dir='ltr'><strong>praesumat</strong></span> <span class='ocrx_word' id='word_1_115' title='bbox 575 1910 730 1973; x_wconf 85' lang='lat' dir='ltr'><strong>Luterum</strong></span> <span class='ocrx_word' id='word_1_116' title='bbox 766 1911 800 1972; x_wconf 91' lang='lat' dir='ltr'><strong>in</strong></span> <span class='ocrx_word' id='word_1_117' title='bbox 831 1910 979 1973; x_wconf 86' lang='lat' dir='ltr'><strong>omnibus</strong></span> <span class='ocrx_word' id='word_1_118' title='bbox 1010 1919 1097 1972; x_wconf 90' lang='lat' dir='ltr'><strong>recte</strong></span> <span class='ocrx_word' id='word_1_119' title='bbox 1127 1909 1266 1973; x_wconf 78' lang='lat' dir='ltr'><strong>sentire?</strong></span> 
     </span>
     <span class='ocr_line' id='line_1_14' title="bbox 76 2013 1267 2099; baseline -0.002 -21"><span class='ocrx_word' id='word_1_120' title='bbox 76 2015 150 2078; x_wconf 90' lang='lat' dir='ltr'><strong>Neo</strong></span> <span class='ocrx_word' id='word_1_121' title='bbox 172 2018 242 2099; x_wconf 91' lang='lat' dir='ltr'><strong>ipse</strong></span> <span class='ocrx_word' id='word_1_122' title='bbox 258 2015 397 2078; x_wconf 89' lang='lat' dir='ltr'><strong>Luterus</strong></span> <span class='ocrx_word' id='word_1_123' title='bbox 420 2015 453 2078; x_wconf 91' lang='lat' dir='ltr'><strong>id</strong></span> <span class='ocrx_word' id='word_1_124' title='bbox 477 2015 517 2078; x_wconf 88' lang='lat' dir='ltr'><strong>de</strong></span> <span class='ocrx_word' id='word_1_125' title='bbox 541 2037 575 2077; x_wconf 90' lang='lat' dir='ltr'><strong>se</strong></span> <span class='ocrx_word' id='word_1_126' title='bbox 598 2014 706 2078; x_wconf 90' lang='lat' dir='ltr'><strong>audet.</strong></span> <span class='ocrx_word' id='word_1_127' title='bbox 752 2013 1024 2099; x_wconf 88' lang='lat' dir='ltr'><strong>Oeeolampadius</strong></span> <span class='ocrx_word' id='word_1_128' title='bbox 1043 2014 1132 2077; x_wconf 90' lang='lat' dir='ltr'><strong>fauet</strong></span> <span class='ocrx_word' id='word_1_129' title='bbox 1147 2014 1267 2077; x_wconf 89' lang='lat' dir='ltr'><strong>Lutero</strong></span> 
     </span>
     <span class='ocr_line' id='line_1_15' title="bbox 75 2117 1268 2204; baseline 0 -22"><span class='ocrx_word' id='word_1_130' title='bbox 75 2121 236 2182; x_wconf 87' lang='lat' dir='ltr'><strong>maxime:</strong></span> <span class='ocrx_word' id='word_1_131' title='bbox 259 2141 320 2182; x_wconf 88' lang='lat' dir='ltr'><strong>neo</strong></span> <span class='ocrx_word' id='word_1_132' title='bbox 342 2129 451 2182; x_wconf 91' lang='lat' dir='ltr'><strong>tamen</strong></span> <span class='ocrx_word' id='word_1_133' title='bbox 475 2121 582 2182; x_wconf 88' lang='lat' dir='ltr'><strong>omnia</strong></span> <span class='ocrx_word' id='word_1_134' title='bbox 596 2120 697 2204; x_wconf 91' lang='lat' dir='ltr'><strong>ipsius</strong></span> <span class='ocrx_word' id='word_1_135' title='bbox 713 2117 865 2202; x_wconf 86' lang='lat' dir='ltr'><strong>dogmata</strong></span> <span class='ocrx_word' id='word_1_136' title='bbox 881 2117 1018 2202; x_wconf 90' lang='lat' dir='ltr'><strong>probare</strong></span> <span class='ocrx_word' id='word_1_137' title='bbox 1042 2117 1148 2181; x_wconf 87' lang='lat' dir='ltr'><strong>audet.</strong></span> <span class='ocrx_word' id='word_1_138' title='bbox 1194 2118 1268 2182; x_wconf 92' lang='lat' dir='ltr'><strong>Non</strong></span> 
     </span>
     <span class='ocr_line' id='line_1_16' title="bbox 77 2223 1267 2309; baseline 0 -23"><span class='ocrx_word' id='word_1_139' title='bbox 77 2223 275 2287; x_wconf 80' lang='lat' dir='ltr'><strong>crediderim</strong></span> <span class='ocrx_word' id='word_1_140' title='bbox 297 2245 481 2309; x_wconf 82' lang='lat' dir='ltr'><strong>quenquam</strong></span> <span class='ocrx_word' id='word_1_141' title='bbox 503 2233 576 2308; x_wconf 87' lang='lat' dir='ltr'><strong>post</strong></span> <span class='ocrx_word' id='word_1_142' title='bbox 603 2223 763 2309; x_wconf 91' lang='lat' dir='ltr'><strong>apostolos</strong></span> <span class='ocrx_word' id='word_1_143' title='bbox 786 2223 893 2301; x_wconf 87' lang='lat' dir='ltr'><strong>fuisse,</strong></span> <span class='ocrx_word' id='word_1_144' title='bbox 926 2246 968 2287; x_wconf 86' lang='lat' dir='ltr'><strong>ex</strong></span> <span class='ocrx_word' id='word_1_145' title='bbox 998 2223 1157 2305; x_wconf 86' lang='lat' dir='ltr'><strong>omnihus,</strong></span> <span class='ocrx_word' id='word_1_146' title='bbox 1188 2245 1267 2308; x_wconf 90' lang='lat' dir='ltr'><strong>quos</strong></span> 
     </span>
     <span class='ocr_line' id='line_1_17' title="bbox 74 2328 1267 2413; baseline 0 -22"><span class='ocrx_word' id='word_1_147' title='bbox 74 2329 173 2393; x_wconf 89' lang='lat' dir='ltr'><strong>nobis</strong></span> <span class='ocrx_word' id='word_1_148' title='bbox 203 2329 391 2394; x_wconf 89' lang='lat' dir='ltr'><strong>eruditionis</strong></span> <span class='ocrx_word' id='word_1_149' title='bbox 420 2331 549 2392; x_wconf 90' lang='lat' dir='ltr'><strong>nomine</strong></span> <span class='ocrx_word' id='word_1_150' title='bbox 581 2328 819 2393; x_wconf 89' lang='lat' dir='ltr'><strong>commendauit</strong></span> <span class='ocrx_word' id='word_1_151' title='bbox 841 2331 998 2392; x_wconf 87' lang='lat' dir='ltr'><strong>maiorum</strong></span> <span class='ocrx_word' id='word_1_152' title='bbox 1022 2331 1183 2406; x_wconf 83' lang='lat' dir='ltr'><strong>autoritas,</strong></span> <span class='ocrx_word' id='word_1_153' title='bbox 1213 2332 1267 2413; x_wconf 92' lang='lat' dir='ltr'><strong>qui</strong></span> 
     </span>
     <span class='ocr_line' id='line_1_18' title="bbox 75 2433 1266 2519; baseline 0 -23"><span class='ocrx_word' id='word_1_154' title='bbox 75 2457 143 2497; x_wconf 92' lang='lat' dir='ltr'><strong>non</strong></span> <span class='ocrx_word' id='word_1_155' title='bbox 173 2434 293 2498; x_wconf 86' lang='lat' dir='ltr'><strong>alicubi</strong></span> <span class='ocrx_word' id='word_1_156' title='bbox 323 2434 432 2519; x_wconf 88' lang='lat' dir='ltr'><strong>lapsus</strong></span> <span class='ocrx_word' id='word_1_157' title='bbox 463 2436 513 2498; x_wconf 91' lang='lat' dir='ltr'><strong>sit.</strong></span> <span class='ocrx_word' id='word_1_158' title='bbox 558 2434 692 2500; x_wconf 87' lang='lat' dir='ltr'><strong>Possem</strong></span> <span class='ocrx_word' id='word_1_159' title='bbox 722 2433 812 2511; x_wconf 91' lang='lat' dir='ltr'><strong>haec,</strong></span> <span class='ocrx_word' id='word_1_160' title='bbox 848 2437 875 2497; x_wconf 91' lang='lat' dir='ltr'><strong>si</strong></span> <span class='ocrx_word' id='word_1_161' title='bbox 901 2456 953 2498; x_wconf 87' lang='lat' dir='ltr'><strong>res</strong></span> <span class='ocrx_word' id='word_1_162' title='bbox 982 2433 1167 2519; x_wconf 89' lang='lat' dir='ltr'><strong>postularet,</strong></span> <span class='ocrx_word' id='word_1_163' title='bbox 1202 2456 1266 2498; x_wconf 91' lang='lat' dir='ltr'><strong>non</strong></span> 
     </span>
     <span class='ocr_line' id='line_1_19' title="bbox 76 2538 1264 2624; baseline -0.001 -22"><span class='ocrx_word' id='word_1_164' title='bbox 76 2538 322 2602; x_wconf 83' lang='lat' dir='ltr'><strong>contemnendis</strong></span> <span class='ocrx_word' id='word_1_165' title='bbox 344 2539 482 2624; x_wconf 89' lang='lat' dir='ltr'><strong>probare</strong></span> <span class='ocrx_word' id='word_1_166' title='bbox 505 2539 673 2624; x_wconf 85' lang='lat' dir='ltr'><strong>exemplis,</strong></span> <span class='ocrx_word' id='word_1_167' title='bbox 703 2538 760 2602; x_wconf 91' lang='lat' dir='ltr'><strong>sed</strong></span> <span class='ocrx_word' id='word_1_168' title='bbox 783 2539 876 2616; x_wconf 88' lang='lat' dir='ltr'><strong>absit,</strong></span> <span class='ocrx_word' id='word_1_169' title='bbox 902 2549 937 2602; x_wconf 89' lang='lat' dir='ltr'><strong>ut</strong></span> <span class='ocrx_word' id='word_1_170' title='bbox 963 2548 994 2602; x_wconf 87' lang='lat' dir='ltr'><strong>te</strong></span> <span class='ocrx_word' id='word_1_171' title='bbox 1019 2539 1133 2602; x_wconf 89' lang='lat' dir='ltr'><strong>dooere</strong></span> <span class='ocrx_word' id='word_1_172' title='bbox 1157 2539 1264 2615; x_wconf 86' lang='lat' dir='ltr'><strong>velim,</strong></span> 
     </span>
     <span class='ocr_line' id='line_1_20' title="bbox 75 2642 1266 2707; baseline -0.001 -1"><span class='ocrx_word' id='word_1_173' title='bbox 75 2642 207 2706; x_wconf 86' lang='lat' dir='ltr'><strong>suscula</strong></span> <span class='ocrx_word' id='word_1_174' title='bbox 237 2643 448 2706; x_wconf 86' lang='lat' dir='ltr'><strong>Mineruam.¹</strong></span> <span class='ocrx_word' id='word_1_175' title='bbox 493 2643 635 2706; x_wconf 87' lang='lat' dir='ltr'><strong>Tantum</strong></span> <span class='ocrx_word' id='word_1_176' title='bbox 667 2643 749 2706; x_wconf 84' lang='lat' dir='ltr'><strong>haee</strong></span> <span class='ocrx_word' id='word_1_177' title='bbox 782 2642 824 2706; x_wconf 92' lang='lat' dir='ltr'><strong>ad</strong></span> <span class='ocrx_word' id='word_1_178' title='bbox 858 2645 1046 2707; x_wconf 87' lang='lat' dir='ltr'><strong>memoriam</strong></span> <span class='ocrx_word' id='word_1_179' title='bbox 1077 2665 1266 2706; x_wconf 88' lang='lat' dir='ltr'><strong>reuocamus</strong></span> 
     </span>
     <span class='ocr_line' id='line_1_21' title="bbox 75 2747 1266 2832; baseline -0.001 -20"><span class='ocrx_word' id='word_1_180' title='bbox 75 2758 109 2812; x_wconf 90' lang='lat' dir='ltr'><strong>et</strong></span> <span class='ocrx_word' id='word_1_181' title='bbox 137 2759 172 2811; x_wconf 91' lang='lat' dir='ltr'><strong>tu</strong></span> <span class='ocrx_word' id='word_1_182' title='bbox 200 2771 217 2812; x_wconf 89' lang='lat' dir='ltr'><strong>e</strong></span> <span class='ocrx_word' id='word_1_183' title='bbox 244 2751 357 2832; x_wconf 88' lang='lat' dir='ltr'><strong>paucis</strong></span> <span class='ocrx_word' id='word_1_184' title='bbox 384 2748 485 2812; x_wconf 89' lang='lat' dir='ltr'><strong>multa</strong></span> <span class='ocrx_word' id='word_1_185' title='bbox 512 2750 653 2831; x_wconf 81' lang='lat' dir='ltr'><strong>cogitare</strong></span> <span class='ocrx_word' id='word_1_186' title='bbox 680 2752 772 2812; x_wconf 89' lang='lat' dir='ltr'><strong>nosti.</strong></span> <span class='ocrx_word' id='word_1_187' title='bbox 817 2747 994 2812; x_wconf 89' lang='lat' dir='ltr'><strong>Nonnullos</strong></span> <span class='ocrx_word' id='word_1_188' title='bbox 1018 2751 1123 2826; x_wconf 90' lang='lat' dir='ltr'><strong>etiam,</strong></span> <span class='ocrx_word' id='word_1_189' title='bbox 1155 2758 1190 2811; x_wconf 91' lang='lat' dir='ltr'><strong>ut</strong></span> <span class='ocrx_word' id='word_1_190' title='bbox 1213 2770 1266 2811; x_wconf 86' lang='lat' dir='ltr'><strong>ex-</strong></span> 
     </span>
     <span class='ocr_line' id='line_1_22' title="bbox 73 2852 1266 2939; baseline -0.001 -23"><span class='ocrx_word' id='word_1_191' title='bbox 73 2862 189 2938; x_wconf 83' lang='lat' dir='ltr'><strong>pertus</strong></span> <span class='ocrx_word' id='word_1_192' title='bbox 220 2876 299 2931; x_wconf 90' lang='lat' dir='ltr'><strong>sum,</strong></span> <span class='ocrx_word' id='word_1_193' title='bbox 330 2875 395 2919; x_wconf 90' lang='lat' dir='ltr'><strong>non</strong></span> <span class='ocrx_word' id='word_1_194' title='bbox 425 2853 524 2917; x_wconf 90' lang='lat' dir='ltr'><strong>semel</strong></span> <span class='ocrx_word' id='word_1_195' title='bbox 554 2852 637 2917; x_wconf 91' lang='lat' dir='ltr'><strong>male</strong></span> <span class='ocrx_word' id='word_1_196' title='bbox 666 2853 775 2931; x_wconf 86' lang='lat' dir='ltr'><strong>habet,</strong></span> <span class='ocrx_word' id='word_1_197' title='bbox 809 2853 894 2938; x_wconf 93' lang='lat' dir='ltr'><strong>quod</strong></span> <span class='ocrx_word' id='word_1_198' title='bbox 921 2854 1076 2917; x_wconf 87' lang='lat' dir='ltr'><strong>Erasmus</strong></span> <span class='ocrx_word' id='word_1_199' title='bbox 1103 2855 1266 2939; x_wconf 84' lang='lat' dir='ltr'><strong>principes</strong></span> 
     </span>
     <span class='ocr_line' id='line_1_23' title="bbox 75 2956 1264 3044; baseline 0.001 -23"><span class='ocrx_word' id='word_1_200' title='bbox 75 2980 153 3021; x_wconf 91' lang='lat' dir='ltr'><strong>cum</strong></span> <span class='ocrx_word' id='word_1_201' title='bbox 176 2958 360 3042; x_wconf 90' lang='lat' dir='ltr'><strong>prophanos</strong></span> <span class='ocrx_word' id='word_1_202' title='bbox 383 2967 451 3021; x_wconf 92' lang='lat' dir='ltr'><strong>tum</strong></span> <span class='ocrx_word' id='word_1_203' title='bbox 475 2958 709 3021; x_wconf 85' lang='lat' dir='ltr'><strong>ecclesiasticos</strong></span> <span class='ocrx_word' id='word_1_204' title='bbox 733 2961 839 3021; x_wconf 88' lang='lat' dir='ltr'><strong>aerius</strong></span> <span class='ocrx_word' id='word_1_205' title='bbox 862 2981 926 3022; x_wconf 90' lang='lat' dir='ltr'><strong>non</strong></span> <span class='ocrx_word' id='word_1_206' title='bbox 949 2957 1165 3044; x_wconf 84' lang='lat' dir='ltr'><strong>reprehendit.</strong></span> <span class='ocrx_word' id='word_1_207' title='bbox 1211 2956 1264 3022; x_wconf 85' lang='lat' dir='ltr'><strong>Ab</strong></span> 
     </span>
     <span class='ocr_line' id='line_1_24' title="bbox 74 3063 1265 3148; baseline -0.001 -22"><span class='ocrx_word' id='word_1_208' title='bbox 74 3063 128 3126; x_wconf 89' lang='lat' dir='ltr'><strong>his</strong></span> <span class='ocrx_word' id='word_1_209' title='bbox 144 3085 214 3146; x_wconf 84' lang='lat' dir='ltr'><strong>ego,</strong></span> <span class='ocrx_word' id='word_1_210' title='bbox 239 3065 445 3147; x_wconf 89' lang='lat' dir='ltr'><strong>quantumuis</strong></span> <span class='ocrx_word' id='word_1_211' title='bbox 468 3063 615 3148; x_wconf 85' lang='lat' dir='ltr'><strong>pusillus,</strong></span> <span class='ocrx_word' id='word_1_212' title='bbox 639 3065 846 3147; x_wconf 88' lang='lat' dir='ltr'><strong>quantumuis</strong></span> <span class='ocrx_word' id='word_1_213' title='bbox 866 3063 960 3127; x_wconf 93' lang='lat' dir='ltr'><strong>homo</strong></span> <span class='ocrx_word' id='word_1_214' title='bbox 977 3063 1078 3140; x_wconf 90' lang='lat' dir='ltr'><strong>nihili,</strong></span> <span class='ocrx_word' id='word_1_215' title='bbox 1103 3063 1265 3127; x_wconf 78' lang='lat' dir='ltr'><strong>dissentio,</strong></span> 
     </span>
     <span class='ocr_line' id='line_1_25' title="bbox 75 3166 1266 3255; baseline -0.002 -25"><span class='ocrx_word' id='word_1_216' title='bbox 75 3166 129 3231; x_wconf 92' lang='lat' dir='ltr'><strong>Illi</strong></span> <span class='ocrx_word' id='word_1_217' title='bbox 159 3170 306 3232; x_wconf 91' lang='lat' dir='ltr'><strong>timorem</strong></span> <span class='ocrx_word' id='word_1_218' title='bbox 339 3169 449 3232; x_wconf 90' lang='lat' dir='ltr'><strong>nescio</strong></span> <span class='ocrx_word' id='word_1_219' title='bbox 480 3189 576 3253; x_wconf 89' lang='lat' dir='ltr'><strong>quem</strong></span> <span class='ocrx_word' id='word_1_220' title='bbox 607 3190 646 3231; x_wconf 88' lang='lat' dir='ltr'><strong>ac</strong></span> <span class='ocrx_word' id='word_1_221' title='bbox 676 3168 973 3252; x_wconf 89' lang='lat' dir='ltr'><strong>pusillanimitatem</strong></span> <span class='ocrx_word' id='word_1_222' title='bbox 1002 3170 1036 3231; x_wconf 91' lang='lat' dir='ltr'><strong>in</strong></span> <span class='ocrx_word' id='word_1_223' title='bbox 1067 3189 1165 3255; x_wconf 80' lang='lat' dir='ltr'><strong>causa</strong></span> <span class='ocrx_word' id='word_1_224' title='bbox 1196 3188 1266 3229; x_wconf 89' lang='lat' dir='ltr'><strong>esse</strong></span> 
     </span>
     <span class='ocr_line' id='line_1_26' title="bbox 74 3272 1267 3357; baseline -0.002 -22"><span class='ocrx_word' id='word_1_225' title='bbox 74 3272 275 3336; x_wconf 87' lang='lat' dir='ltr'><strong>arbitrantur</strong></span> <span class='ocrx_word' id='word_1_226' title='bbox 305 3280 401 3357; x_wconf 88' lang='lat' dir='ltr'><strong>atque</strong></span> <span class='ocrx_word' id='word_1_227' title='bbox 431 3272 503 3336; x_wconf 91' lang='lat' dir='ltr'><strong>ideo</strong></span> <span class='ocrx_word' id='word_1_228' title='bbox 535 3272 758 3336; x_wconf 86' lang='lat' dir='ltr'><strong>meticulosum</strong></span> <span class='ocrx_word' id='word_1_229' title='bbox 789 3294 862 3335; x_wconf 91' lang='lat' dir='ltr'><strong>eum</strong></span> <span class='ocrx_word' id='word_1_230' title='bbox 890 3272 1088 3357; x_wconf 90' lang='lat' dir='ltr'><strong>appellitant,</strong></span> <span class='ocrx_word' id='word_1_231' title='bbox 1121 3293 1180 3354; x_wconf 84' lang='lat' dir='ltr'><strong>ego</strong></span> <span class='ocrx_word' id='word_1_232' title='bbox 1203 3293 1267 3334; x_wconf 91' lang='lat' dir='ltr'><strong>non</strong></span> 
     </span>
     <span class='ocr_line' id='line_1_27' title="bbox 73 3375 1267 3462; baseline -0.001 -23"><span class='ocrx_word' id='word_1_233' title='bbox 73 3380 131 3439; x_wconf 91' lang='lat' dir='ltr'><strong>ita.</strong></span> <span class='ocrx_word' id='word_1_234' title='bbox 178 3377 316 3440; x_wconf 90' lang='lat' dir='ltr'><strong>Videtur</strong></span> <span class='ocrx_word' id='word_1_235' title='bbox 346 3386 455 3440; x_wconf 89' lang='lat' dir='ltr'><strong>autem</strong></span> <span class='ocrx_word' id='word_1_236' title='bbox 485 3377 572 3455; x_wconf 91' lang='lat' dir='ltr'><strong>mihi,</strong></span> <span class='ocrx_word' id='word_1_237' title='bbox 605 3377 690 3462; x_wconf 89' lang='lat' dir='ltr'><strong>quod</strong></span> <span class='ocrx_word' id='word_1_238' title='bbox 713 3376 832 3440; x_wconf 81' lang='lat' dir='ltr'><strong>Christi</strong></span> <span class='ocrx_word' id='word_1_239' title='bbox 859 3380 988 3462; x_wconf 89' lang='lat' dir='ltr'><strong>spiritus</strong></span> <span class='ocrx_word' id='word_1_240' title='bbox 1020 3377 1062 3439; x_wconf 90' lang='lat' dir='ltr'><strong>ad</strong></span> <span class='ocrx_word' id='word_1_241' title='bbox 1088 3375 1150 3439; x_wconf 90' lang='lat' dir='ltr'><strong>hoo</strong></span> <span class='ocrx_word' id='word_1_242' title='bbox 1173 3376 1267 3438; x_wconf 85' lang='lat' dir='ltr'><strong>Eras-</strong></span> 
     </span>
     <span class='ocr_line' id='line_1_28' title="bbox 74 3481 1267 3560; baseline -0.002 -16"><span class='ocrx_word' id='word_1_243' title='bbox 74 3502 166 3544; x_wconf 92' lang='lat' dir='ltr'><strong>mum</strong></span> <span class='ocrx_word' id='word_1_244' title='bbox 189 3483 321 3559; x_wconf 90' lang='lat' dir='ltr'><strong>miserit,</strong></span> <span class='ocrx_word' id='word_1_245' title='bbox 345 3491 381 3545; x_wconf 91' lang='lat' dir='ltr'><strong>ut</strong></span> <span class='ocrx_word' id='word_1_246' title='bbox 403 3481 560 3546; x_wconf 91' lang='lat' dir='ltr'><strong>mundum</strong></span> <span class='ocrx_word' id='word_1_247' title='bbox 583 3481 706 3560; x_wconf 89' lang='lat' dir='ltr'><strong>leniter,</strong></span> <span class='ocrx_word' id='word_1_248' title='bbox 731 3492 898 3545; x_wconf 89' lang='lat' dir='ltr'><strong>mansuete</strong></span> <span class='ocrx_word' id='word_1_249' title='bbox 915 3505 953 3545; x_wconf 89' lang='lat' dir='ltr'><strong>ac</strong></span> <span class='ocrx_word' id='word_1_250' title='bbox 974 3481 1110 3545; x_wconf 88' lang='lat' dir='ltr'><strong>ciuiliter</strong></span> <span class='ocrx_word' id='word_1_251' title='bbox 1133 3504 1152 3544; x_wconf 91' lang='lat' dir='ltr'><strong>a</strong></span> <span class='ocrx_word' id='word_1_252' title='bbox 1174 3482 1267 3543; x_wconf 88' lang='lat' dir='ltr'><strong>viciis</strong></span> 
     </span>
     <span class='ocr_line' id='line_1_29' title="bbox 74 3586 1266 3672; baseline -0.001 -24"><span class='ocrx_word' id='word_1_253' title='bbox 74 3596 244 3649; x_wconf 90' lang='lat' dir='ltr'><strong>auocaret:</strong></span> <span class='ocrx_word' id='word_1_254' title='bbox 267 3609 307 3649; x_wconf 88' lang='lat' dir='ltr'><strong>ae</strong></span> <span class='ocrx_word' id='word_1_255' title='bbox 328 3609 415 3660; x_wconf 86' lang='lat' dir='ltr'><strong>nunc</strong></span> <span class='ocrx_word' id='word_1_256' title='bbox 431 3608 556 3672; x_wconf 88' lang='lat' dir='ltr'><strong>quoque</strong></span> <span class='ocrx_word' id='word_1_257' title='bbox 573 3589 711 3650; x_wconf 67' lang='lat' dir='ltr'><strong>auocat²</strong></span> <span class='ocrx_word' id='word_1_258' title='bbox 727 3597 760 3650; x_wconf 90' lang='lat' dir='ltr'><strong>et</strong></span> <span class='ocrx_word' id='word_1_259' title='bbox 775 3588 936 3650; x_wconf 88' lang='lat' dir='ltr'><strong>cemimus</strong></span> <span class='ocrx_word' id='word_1_260' title='bbox 950 3586 1039 3649; x_wconf 91' lang='lat' dir='ltr'><strong>illum</strong></span> <span class='ocrx_word' id='word_1_261' title='bbox 1059 3608 1124 3649; x_wconf 90' lang='lat' dir='ltr'><strong>non</strong></span> <span class='ocrx_word' id='word_1_262' title='bbox 1139 3607 1266 3649; x_wconf 92' lang='lat' dir='ltr'><strong>omnem</strong></span> 
     </span>
     <span class='ocr_line' id='line_1_30' title="bbox 74 3689 1268 3776; baseline 0 -24"><span class='ocrx_word' id='word_1_263' title='bbox 74 3689 258 3774; x_wconf 89' lang='lat' dir='ltr'><strong>perdidisse</strong></span> <span class='ocrx_word' id='word_1_264' title='bbox 281 3712 422 3775; x_wconf 88' lang='lat' dir='ltr'><strong>operam.</strong></span> <span class='ocrx_word' id='word_1_265' title='bbox 469 3691 649 3768; x_wconf 76' lang='lat' dir='ltr'><strong>Caeterum,</strong></span> <span class='ocrx_word' id='word_1_266' title='bbox 682 3693 757 3775; x_wconf 90' lang='lat' dir='ltr'><strong>quia</strong></span> <span class='ocrx_word' id='word_1_267' title='bbox 784 3691 929 3776; x_wconf 90' lang='lat' dir='ltr'><strong>plerique</strong></span> <span class='ocrx_word' id='word_1_268' title='bbox 953 3692 1033 3755; x_wconf 90' lang='lat' dir='ltr'><strong>adeo</strong></span> <span class='ocrx_word' id='word_1_269' title='bbox 1056 3691 1268 3754; x_wconf 90' lang='lat' dir='ltr'><strong>induruerunt</strong></span> 
     </span>
     <span class='ocr_line' id='line_1_31' title="bbox 75 3794 1268 3880; baseline -0.002 -22"><span class='ocrx_word' id='word_1_270' title='bbox 75 3794 181 3870; x_wconf 89' lang='lat' dir='ltr'><strong>malis,</strong></span> <span class='ocrx_word' id='word_1_271' title='bbox 212 3804 247 3857; x_wconf 91' lang='lat' dir='ltr'><strong>ut</strong></span> <span class='ocrx_word' id='word_1_272' title='bbox 269 3795 445 3879; x_wconf 83' lang='lat' dir='ltr'><strong>glorientur</strong></span> <span class='ocrx_word' id='word_1_273' title='bbox 467 3797 573 3873; x_wconf 88' lang='lat' dir='ltr'><strong>etiam,</strong></span> <span class='ocrx_word' id='word_1_274' title='bbox 605 3816 678 3859; x_wconf 91' lang='lat' dir='ltr'><strong>eum</strong></span> <span class='ocrx_word' id='word_1_275' title='bbox 701 3817 873 3880; x_wconf 89' lang='lat' dir='ltr'><strong>perperam</strong></span> <span class='ocrx_word' id='word_1_276' title='bbox 896 3797 1029 3878; x_wconf 85' lang='lat' dir='ltr'><strong>egerint,</strong></span> <span class='ocrx_word' id='word_1_277' title='bbox 1062 3803 1094 3858; x_wconf 90' lang='lat' dir='ltr'><strong>et</strong></span> <span class='ocrx_word' id='word_1_278' title='bbox 1121 3796 1268 3859; x_wconf 87' lang='lat' dir='ltr'><strong>exultent</strong></span> 
     </span>
     <span class='ocr_line' id='line_1_32' title="bbox 76 3899 1269 3985; baseline 0 -23"><span class='ocrx_word' id='word_1_279' title='bbox 76 3903 111 3962; x_wconf 90' lang='lat' dir='ltr'><strong>in</strong></span> <span class='ocrx_word' id='word_1_280' title='bbox 131 3899 230 3962; x_wconf 86' lang='lat' dir='ltr'><strong>rebus</strong></span> <span class='ocrx_word' id='word_1_281' title='bbox 250 3901 398 3984; x_wconf 90' lang='lat' dir='ltr'><strong>pessimis</strong></span> <span class='ocrx_word' id='word_1_282' title='bbox 418 3909 450 3963; x_wconf 91' lang='lat' dir='ltr'><strong>et</strong></span> <span class='ocrx_word' id='word_1_283' title='bbox 470 3908 641 3985; x_wconf 87' lang='lat' dir='ltr'><strong>propterea</strong></span> <span class='ocrx_word' id='word_1_284' title='bbox 659 3909 866 3964; x_wconf 89' lang='lat' dir='ltr'><strong>contemnant</strong></span> <span class='ocrx_word' id='word_1_285' title='bbox 880 3922 995 3964; x_wconf 80' lang='lat' dir='ltr'><strong>vocem</strong></span> <span class='ocrx_word' id='word_1_286' title='bbox 1011 3900 1125 3963; x_wconf 88' lang='lat' dir='ltr'><strong>leniter</strong></span> <span class='ocrx_word' id='word_1_287' title='bbox 1139 3921 1269 3974; x_wconf 54' lang='lat' dir='ltr'><strong>monens</strong></span> 
     </span>
     <span class='ocr_line' id='line_1_33' title="bbox 79 4003 1268 4089; baseline -0.001 -22"><span class='ocrx_word' id='word_1_288' title='bbox 79 4007 131 4081; x_wconf 85' lang='lat' dir='ltr'><strong>tis,</strong></span> <span class='ocrx_word' id='word_1_289' title='bbox 164 4006 324 4067; x_wconf 83' lang='lat' dir='ltr'><strong>excitatus</strong></span> <span class='ocrx_word' id='word_1_290' title='bbox 347 4003 509 4089; x_wconf 88' lang='lat' dir='ltr'><strong>plerisque</strong></span> <span class='ocrx_word' id='word_1_291' title='bbox 532 4004 661 4067; x_wconf 91' lang='lat' dir='ltr'><strong>videtur</strong></span> <span class='ocrx_word' id='word_1_292' title='bbox 684 4004 725 4068; x_wconf 91' lang='lat' dir='ltr'><strong>ab</strong></span> <span class='ocrx_word' id='word_1_293' title='bbox 753 4004 866 4068; x_wconf 90' lang='lat' dir='ltr'><strong>codem</strong></span> <span class='ocrx_word' id='word_1_294' title='bbox 895 4006 1008 4089; x_wconf 89' lang='lat' dir='ltr'><strong>spiritu</strong></span> <span class='ocrx_word' id='word_1_295' title='bbox 1034 4004 1183 4082; x_wconf 88' lang='lat' dir='ltr'><strong>Luterus,</strong></span> <span class='ocrx_word' id='word_1_296' title='bbox 1215 4005 1268 4089; x_wconf 92' lang='lat' dir='ltr'><strong>qui</strong></span> 
     </span>
     <span class='ocr_line' id='line_1_34' title="bbox 76 4108 1267 4194; baseline -0.001 -22"><span class='ocrx_word' id='word_1_297' title='bbox 76 4109 130 4172; x_wconf 96' lang='lat' dir='ltr'><strong>illo</strong></span> <span class='ocrx_word' id='word_1_298' title='bbox 163 4111 291 4172; x_wconf 88' lang='lat' dir='ltr'><strong>saeuius</strong></span> <span class='ocrx_word' id='word_1_299' title='bbox 321 4109 469 4192; x_wconf 88' lang='lat' dir='ltr'><strong>obiurget</strong></span> <span class='ocrx_word' id='word_1_300' title='bbox 498 4131 537 4172; x_wconf 93' lang='lat' dir='ltr'><strong>ac</strong></span> <span class='ocrx_word' id='word_1_301' title='bbox 565 4111 760 4194; x_wconf 80' lang='lat' dir='ltr'><strong>perstringat</strong></span> <span class='ocrx_word' id='word_1_302' title='bbox 782 4109 912 4173; x_wconf 88' lang='lat' dir='ltr'><strong>duriter.</strong></span> <span class='ocrx_word' id='word_1_303' title='bbox 959 4109 1054 4189; x_wconf 79' lang='lat' dir='ltr'><strong>Quod</strong></span> <span class='ocrx_word' id='word_1_304' title='bbox 1078 4113 1103 4173; x_wconf 90' lang='lat' dir='ltr'><strong>si</strong></span> <span class='ocrx_word' id='word_1_305' title='bbox 1127 4117 1160 4173; x_wconf 89' lang='lat' dir='ltr'><strong>et</strong></span> <span class='ocrx_word' id='word_1_306' title='bbox 1181 4108 1267 4172; x_wconf 92' lang='lat' dir='ltr'><strong>hunc</strong></span> 
     </span>
     <span class='ocr_line' id='line_1_35' title="bbox 77 4213 1267 4299; baseline -0.001 -23"><span class='ocrx_word' id='word_1_307' title='bbox 77 4213 190 4277; x_wconf 88' lang='lat' dir='ltr'><strong>audire</strong></span> <span class='ocrx_word' id='word_1_308' title='bbox 213 4215 442 4291; x_wconf 87' lang='lat' dir='ltr'><strong>recusaueriut,</strong></span> <span class='ocrx_word' id='word_1_309' title='bbox 475 4213 536 4278; x_wconf 90' lang='lat' dir='ltr'><strong>sibi</strong></span> <span class='ocrx_word' id='word_1_310' title='bbox 566 4216 644 4299; x_wconf 88' lang='lat' dir='ltr'><strong>ipsis</strong></span> <span class='ocrx_word' id='word_1_311' title='bbox 675 4237 768 4277; x_wconf 89' lang='lat' dir='ltr'><strong>suum</strong></span> <span class='ocrx_word' id='word_1_312' title='bbox 799 4217 959 4299; x_wconf 89' lang='lat' dir='ltr'><strong>imputent</strong></span> <span class='ocrx_word' id='word_1_313' title='bbox 989 4216 1161 4290; x_wconf 90' lang='lat' dir='ltr'><strong>interitum,</strong></span> <span class='ocrx_word' id='word_1_314' title='bbox 1193 4216 1267 4298; x_wconf 90' lang='lat' dir='ltr'><strong>quia</strong></span> 
     </span>
     <span class='ocr_line' id='line_1_36' title="bbox 77 4318 1267 4405; baseline -0.001 -23"><span class='ocrx_word' id='word_1_315' title='bbox 77 4341 139 4382; x_wconf 88' lang='lat' dir='ltr'><strong>nee</strong></span> <span class='ocrx_word' id='word_1_316' title='bbox 162 4319 292 4383; x_wconf 89' lang='lat' dir='ltr'><strong>lenitate</strong></span> <span class='ocrx_word' id='word_1_317' title='bbox 315 4341 375 4382; x_wconf 92' lang='lat' dir='ltr'><strong>nec</strong></span> <span class='ocrx_word' id='word_1_318' title='bbox 400 4321 540 4382; x_wconf 88' lang='lat' dir='ltr'><strong>saeuioia</strong></span> <span class='ocrx_word' id='word_1_319' title='bbox 564 4318 726 4383; x_wconf 89' lang='lat' dir='ltr'><strong>coherceri</strong></span> <span class='ocrx_word' id='word_1_320' title='bbox 746 4322 939 4404; x_wconf 90' lang='lat' dir='ltr'><strong>aprauitate</strong></span> <span class='ocrx_word' id='word_1_321' title='bbox 955 4328 1136 4405; x_wconf 90' lang='lat' dir='ltr'><strong>potuerunt.</strong></span> <span class='ocrx_word' id='word_1_322' title='bbox 1175 4319 1267 4382; x_wconf 87' lang='lat' dir='ltr'><strong>Haec</strong></span> 
     </span>
    </p>
   </div>
   <div class='ocr_carea' id='block_1_3' title="bbox 122 4583 1266 4650">
    <p class='ocr_par' dir='ltr' id='par_1_3' title="bbox 122 4583 1266 4650">
     <span class='ocr_line' id='line_1_37' title="bbox 122 4583 1266 4650; baseline -0.002 -15"><span class='ocrx_word' id='word_1_323' title='bbox 122 4587 129 4619; x_wconf 89' lang='lat'><strong>¹</strong></span> <span class='ocrx_word' id='word_1_324' title='bbox 148 4587 220 4636; x_wconf 82' lang='lat' dir='ltr'><strong>Post.</strong></span> <span class='ocrx_word' id='word_1_325' title='bbox 239 4603 264 4650; x_wconf 95' lang='lat' dir='ltr'><strong>p.</strong></span> <span class='ocrx_word' id='word_1_326' title='bbox 278 4587 330 4633; x_wconf 84' lang='lat'><strong>310</strong></span> <span class='ocrx_word' id='word_1_327' title='bbox 339 4585 375 4646; x_wconf 88' lang='grc' dir='ltr'><strong>Μ,</strong></span> <span class='ocrx_word' id='word_1_328' title='bbox 394 4584 427 4634; x_wconf 84' lang='lat' dir='ltr'><strong>oi.</strong></span> <span class='ocrx_word' id='word_1_329' title='bbox 441 4583 559 4649; x_wconf 81' lang='lat' dir='ltr'><strong>Apostol.</strong></span> <span class='ocrx_word' id='word_1_330' title='bbox 576 4585 660 4633; x_wconf 85' lang='lat' dir='ltr'><strong>XVII.</strong></span> <span class='ocrx_word' id='word_1_331' title='bbox 675 4586 716 4646; x_wconf 74' lang='lat'><strong>73,</strong></span> <span class='ocrx_word' id='word_1_332' title='bbox 734 4585 783 4634; x_wconf 92' lang='lat' dir='ltr'><strong>mit</strong></span> <span class='ocrx_word' id='word_1_333' title='bbox 800 4585 847 4633; x_wconf 90' lang='lat' dir='ltr'><strong>der</strong></span> <span class='ocrx_word' id='word_1_334' title='bbox 859 4585 928 4634; x_wconf 88' lang='lat' dir='ltr'><strong>Note</strong></span> <span class='ocrx_word' id='word_1_335' title='bbox 946 4601 1000 4633; x_wconf 90' lang='lat' dir='ltr'><strong>von</strong></span> <span class='ocrx_word' id='word_1_336' title='bbox 1016 4585 1146 4648; x_wconf 86' lang='lat' dir='ltr'><strong>Leutsoh;</strong></span> <span class='ocrx_word' id='word_1_337' title='bbox 1165 4583 1266 4634; x_wconf 84' lang='lat' dir='ltr'><strong>Erasm.</strong></span> 
     </span>
    </p>
   </div>
   <div class='ocr_carea' id='block_1_4' title="bbox 121 4672 327 4814">
    <p class='ocr_par' dir='ltr' id='par_1_4' title="bbox 121 4672 327 4814">
     <span class='ocr_line' id='line_1_38' title="bbox 147 4672 327 4736; baseline 0 -15"><span class='ocrx_word' id='word_1_338' title='bbox 147 4675 181 4722; x_wconf 83' lang='lat'><strong>43</strong></span> <span class='ocrx_word' id='word_1_339' title='bbox 190 4674 222 4721; x_wconf 85' lang='lat' dir='ltr'><strong>A.</strong></span> <span class='ocrx_word' id='word_1_340' title='bbox 241 4672 327 4736; x_wconf 84' lang='lat' dir='ltr'><strong>Adag.</strong></span> 
     </span>
     <span class='ocr_line' id='line_1_39' title="bbox 121 4761 253 4814; baseline 0.023 -4"><span class='ocrx_word' id='word_1_341' title='bbox 121 4761 131 4795; x_wconf 87' lang='lat'><strong>²</strong></span> <span class='ocrx_word' id='word_1_342' title='bbox 148 4765 253 4814; x_wconf 86' lang='lat' dir='ltr'><strong>auocet.</strong></span> 
     </span>
    </p>
   </div>
   <div class='ocr_carea' id='block_1_5' title="bbox 0 0 1671 5742">
    <p class='ocr_par' dir='ltr' id='par_1_5' title="bbox 0 0 1671 5742">
     <span class='ocr_line' id='line_1_40' title="bbox 0 0 1671 5742; baseline 0 0"><span class='ocrx_word' id='word_1_343' title='bbox 0 0 1671 5742; x_wconf 95' lang='lat' dir='ltr'><strong> </strong></span> 
     </span>
    </p>
   </div>
  </div>
 </body>
</html>
