3372 5768
76 532 179 622 [709]
389 556 490 599 Erasmus
504 571 544 599 von
559 556 684 602 Rottordam
699 557 743 602 und
757 557 865 602 Martinus
878 557 972 611 Lipsius.

398 737 468 798 Quid
486 742 618 804 praestem
637 739 727 804 officii,
745 744 817 790 tacet
834 741 963 805 timetque

399 824 479 874 Prodi
497 828 652 892 pauperiem
671 827 716 878 diu
734 825 872 879 latentem.

396 913 530 964 Deradam
548 913 684 965 uiolentus
702 914 875 981 auferamque

397 998 448 1050 Vel
467 1005 581 1052 crustam
600 1006 717 1064 tenuem,
735 1002 805 1052 hano
823 1002 891 1053 dabo
910 1007 1018 1052 coactus

398 1087 556 1153 Magnorum
575 1089 634 1138 vice
652 1103 799 1152 munerum,
818 1088 961 1140 reuoluens

399 1174 474 1235 Quae
492 1180 554 1225 suut
572 1175 712 1226 ambitioni
730 1169 815 1242 ἄδωρα
833 1174 925 1242 δῶρα,1
1022 1225 1024 1236 ,

399 1261 476 1322 Quod
494 1262 548 1312 sint
566 1267 658 1312 contra
676 1262 769 1314 eadem
788 1259 904 1329 aiimpu²
921 1261 990 1328 δῶρα

398 1347 557 1399 conditori.³
575 1350 678 1400 Tamen
695 1350 767 1400 hand
785 1348 867 1400 velim
884 1364 981 1400 vocare

398 1436 496 1485 Munus
514 1451 631 1498 carmen,
649 1438 743 1500 amice,
762 1437 809 1488 sed
828 1435 912 1488 silebo

400 1521 476 1583 Quod
495 1522 591 1573 debinc
609 1525 739 1589 concipio.
759 1523 830 1586 Quid
847 1525 983 1574 immorari

401 1609 468 1659 Tam
486 1608 578 1679 multis
596 1613 680 1675 opus?
697 1609 814 1662 intuma
832 1611 903 1676 quod
921 1610 1024 1660 author.

402 1697 507 1761 Linque
526 1699 645 1748 earmina
663 1697 782 1748 doctiora
800 1698 893 1760 doctis,

399 1783 489 1848 Impar
506 1799 603 1850 nempe
620 1786 695 1835 oneri
713 1787 794 1836 etiam
813 1785 930 1836 ferendo.

402 1869 488 1920 (lanto
506 1871 578 1937 quod
596 1871 709 1922 stridula
727 1873 801 1922 eiicit
818 1887 937 1938 camena,

401 1958 459 2019 Quo
478 1957 508 2009 fit
525 1957 639 2024 palpitet
656 1964 684 2010 et
701 1965 782 2025 neget
800 1960 953 2025 frequenter·

399 2045 522 2096 Laudem
541 2047 614 2097 adire
632 2047 715 2098 decus
731 2062 841 2113 gemens
858 2052 972 2097 tuarum.

399 2132 506 2184 Solatur
522 2135 641 2186 breuitas
658 2140 749 2186 tantm
767 2136 911 2201 sequenda,

400 2222 587 2286 Longitudinis
605 2224 716 2274 extimet
734 2222 884 2288 periclum,⁴

401 2308 489 2369 Quum
507 2314 613 2359 tantum
630 2325 740 2376 superes
758 2310 858 2360 honore
876 2310 978 2372 fratres,

403 2395 509 2457 Quanto
528 2402 569 2448 est
586 2397 654 2447 haec
670 2391 759 2448 ¹minor
777 2397 900 2448 omnibus
918 2397 1036 2461 camenis

404 2482 489 2533 Exilis
507 2483 604 2550 piples,
622 2485 723 2535 absona
741 2488 768 2534 et
786 2484 920 2546 fatiscens,

404 2570 544 2636 Tanquam
562 2570 658 2622 lucifer
674 2574 745 2622 inter
762 2577 842 2629 astra,
860 2569 950 2621 lumen

403 2659 518 2710 Umbras
535 2660 606 2710 inter
622 2661 735 2709 inertes:
754 2658 892 2724 efficisque

402 2744 506 2796 Sensim
524 2761 634 2812 corpora
652 2745 768 2809 sedulus,
787 2746 916 2796 trahendo

305 2901 307 2906 Ι
403 2832 540 2899 Exemplis
558 2835 719 2899 monitisque
737 2833 892 2899 studiisque.

404 2921 518 2970 Fructus
536 2922 667 2986 maximus
685 2922 804 2970 omnium
822 2920 957 2985 putandus

405 3007 505 3058 Caecos
523 3008 620 3058 ducere
638 3007 723 3058 deuiis
741 3012 875 3058 morantes

405 3096 484 3144 Vitae
501 3095 535 3144 ad
553 3094 647 3146 limina
665 3095 827 3161 luminisque
845 3100 958 3160 portum.

404 3182 537 3247 Antiquus
557 3178 679 3250 μονάχους
697 3181 793 3248 fatiget
810 3197 890 3232 error.
971 3213 973 3218 ·

406 3271 448 3320 Tu
466 3269 560 3319 doctus
578 3270 690 3332 nituisti,
709 3269 790 3320 dente
807 3271 887 3329 victo,

408 3355 543 3422 Despecta
560 3357 646 3406 macie
664 3357 800 3422 improbae
819 3355 998 3422 phthoniae:⁵

407 3445 505 3494 Inuitis
523 3443 640 3493 tenebris
658 3445 741 3494 micas
759 3459 892 3493 coruscus.

407 3531 546 3582 Accedunt
560 3545 609 3582 sua
627 3532 706 3581 rebns
725 3545 826 3596 organa
844 3536 915 3596 apta,

407 3619 511 3669 Mature
530 3619 619 3668 facere
638 3619 739 3684 optime
757 3622 865 3676 statuta.

408 3706 537 3756 Naturam
556 3705 629 3756 dedit
647 3706 745 3772 opifex,
764 3705 877 3756 eandem

408 3793 522 3842 Ornauit
540 3792 670 3858 poliitque
688 3793 781 3844 dexter
798 3791 888 3858 amplo

409 3879 499 3945 Cultu,
518 3880 581 3930 dum
600 3880 674 3930 dedit
692 3885 719 3930 et
736 3881 794 3945 pati
811 3878 929 3929 laborem

409 3967 483 4016 Forti
500 3971 617 4033 pectore,
636 3969 835 4033 praemiumque
854 3966 922 4017 ferre

408 4055 521 4105 Virtutis
540 4054 618 4104 simul
638 4057 809 4120 optimaeque
828 4057 932 4120 mentio,

173 4129 190 4135 ..
195 4127 304 4134 ..-..-—..-

142 4214 148 4246 ¹
169 4213 249 4279 Soph.
267 4215 309 4264 Αἰ.
328 4213 387 4263 650.

141 4300 408 4364 ²Unverstiindlich3
434 4299 573 4350 vielleicbt
595 4301 640 4348 ein
667 4297 806 4349 seltsamer
827 4298 929 4349 Einfall
956 4298 1002 4348 des
1021 4299 1122 4361 Rivius,
1150 4297 1197 4348 der
1219 4297 1288 4347 nach

169 4386 304 4455 κυδιάνειρα
322 4390 367 4438 ein
384 4385 517 4453 κυδίδωρα,
535 4384 635 4453 κὺδωρα
653 4385 744 4436 bilden
763 4401 796 4434 nn
815 4385 924 4436 konnen
942 4387 1049 4436 meinte.

144 4477 222 4526 ³sici
249 4475 303 4542 vgl.
322 4475 430 4526 Zeile8
457 4476 508 4524 etsi
526 4475 670 4525 conditoris
694 4479 817 4523 naturam
836 4489 900 4538 prae
922 4489 950 4522 se
968 4473 1068 4537 ferant3
1096 4478 1170 4523 sonst
1185 4473 1288 4524 kbnntc

170 4578 233 4613 man
251 4579 286 4613 an
304 4565 406 4614 cantori
424 4563 540 4614 denken.
668 4558 671 4566 ’

141 4649 316 4717 ⁴periculum
335 4649 364 4715 (a
382 4650 469 4715 eras).

144 4739 154 4771 ⁵
172 4740 221 4788 sici
346 4729 350 4738 '
