3320 5742
342 551 383 615 96
868 567 1016 608 nonno..
1442 554 1536 628 [758]

340 746 526 810 Persianas:
549 743 654 808 codex
678 747 762 809 enim
785 753 894 810 noster
917 744 1058 829 quodam
1074 743 1143 808 loco
1167 743 1244 808 hiat.
1279 743 1357 808 Mox
1373 742 1430 808 ubi
1446 743 1536 828 quod

341 850 502 934 egendum
526 861 574 913 est
597 870 760 935 peregero,
793 849 835 912 ed
858 851 1024 934 proprium
1047 848 1199 913 redibunt
1230 848 1403 912 dominum.
1451 847 1535 911 Vale

341 955 487 1020 feliciter.

445 1081 500 1129 Aue
519 1079 579 1128 dem
599 1078 662 1128 Cod.
682 1077 746 1127 Hor.
764 1079 796 1128 A.
815 1095 839 1143 p.
862 1080 917 1126 123.
992 1057 993 1062 ¹

871 1250 993 1313 LXIV.

598 1475 600 1480 .
701 1422 853 1479 Alendus
876 1421 1026 1477 Martino
1050 1436 1115 1477 suo
1139 1423 1169 1476 S.

442 1582 592 1646 Prostant
615 1582 735 1666 passim
758 1581 883 1644 erudita
905 1582 938 1643 in
954 1580 1102 1643 Persium
1126 1578 1255 1655 scholia,
1281 1588 1392 1642 autore
1408 1579 1533 1642 Ioanne

340 1687 544 1762 Mu1·melli0‚¹
569 1685 686 1770 quibus
709 1685 787 1749 nihil
803 1694 851 1747 est
867 1685 1056 1748 emunctius.
1095 1684 1153 1759 Eu,
1179 1685 1204 1746 si
1220 1682 1310 1760 velis,
1335 1683 1393 1748 tibi
1413 1706 1531 1748 emam.

339 1791 411 1854 Non
436 1800 484 1853 est
506 1791 585 1854 mihi
608 1790 780 1854 Domitius.
827 1789 925 1858 Breui
956 1799 987 1850 te
1010 1791 1159 1851 renisam.
1206 1788 1257 1851 Tu
1286 1789 1362 1851 uide
1391 1791 1529 1864 interim,

339 1905 374 1959 ut
405 1898 511 1960 omnia
542 1897 604 1959 sint
635 1893 773 1958 fideliter
803 1915 957 1979 expensa,
992 1879 1075 1978 qnae
1099 1916 1118 1956 a
1140 1892 1233 1957 nobis
1264 1891 1354 1956 velut
1383 1895 1531 1956 usuraria

338 2002 503 2086 accepisti.
549 2000 639 2063 Bene
663 1999 744 2064 vale.

443 2125 497 2174 Aus
516 2124 575 2174 dem
595 2124 659 2174 Cod.
679 2125 743 2174 Hor.
763 2123 793 2174 Α.
813 2141 837 2188 p.
859 2125 915 2172 123.

878 2350 984 2414 LXV.

726 2553 878 2608 Alurdus
902 2551 1036 2619 Lypsio
1061 2564 1134 2606 suo.

441 2738 686 2802 Instructiorem
707 2737 787 2801 mihi
814 2758 885 2799 esse
908 2735 1139 2800 bibliothecam
1169 2756 1267 2819 quam
1290 2735 1352 2797 sit2
1375 2736 1526 2820 opinaris.

337 2842 391 2905 Ex
414 2842 596 2926 Augustino
610 2842 698 2922 nihil
720 2841 824 2906 habeo
855 2850 983 2926 praeter
1006 2838 1161 2925 opuscula
1183 2837 1246 2916 illo,
1279 2861 1361 2924 quae
1384 2843 1447 2903 iam
1471 2838 1528 2903 diu

337 2957 411 3009 suut
445 2947 533 3031 apud
566 2958 598 3010 te
633 2947 795 3031 hospitata
829 2955 861 3010 et
895 2946 935 3008 de
971 2946 1099 3008 ciuitate
1141 2944 1251 3007 diuina
1286 2965 1359 3007 cum
1399 2943 1526 3008 scholiis

337 3053 454 3116 Viuis.s‘=
499 3051 631 3115 Utrouis
665 3051 778 3115 horum
813 3060 867 3114 tuo
901 3051 999 3114 utitor
1033 3048 1211 3113 commodo.
1257 3049 1371 3132 Perge,
1407 3070 1526 3133 quaeso

337 3158 487 3220 scrutari:
511 3156 590 3220 uihil
613 3155 751 3239 ambige,
776 3157 853 3240 quin
877 3154 1008 3218 tandem
1032 3154 1204 3239 aliquando
1228 3154 1349 3239 aliquid
1381 3156 1525 3239 expisca-

336 3261 422 3326 bere.
469 3261 550 3324 Vale
573 3261 719 3324 feliciter.

439 3385 494 3434 Aue
514 3385 573 3434 dem
593 3384 658 3434 Cod,
677 3385 742 3434 Hor,
762 3385 793 3435 A.
813 3402 837 3449 p.
861 3387 916 3436 123.

379 3611 572 3662 ¹Murmellius
600 3614 723 3664 widmete
751 3613 837 3662 dieses
860 3613 943 3663 Werk
970 3618 1049 3663 unter
1076 3613 1136 3662 dem
1155 3611 1239 3663 Titel:
1267 3614 1298 3663 A.
1317 3613 1402 3662 Persii
1432 3611 1522 3661 Flacci

406 3701 503 3750 satirae
526 3717 587 3750 cum
606 3701 727 3766 ecphrasi
745 3706 772 3750 et
791 3700 898 3750 scholiis
917 3700 1092 3765 (Deventriee
1104 3700 1181 3765 1516)
1201 3715 1243 3749 am
1264 3701 1304 3749 17.
1323 3699 1439 3748 October
1458 3699 1524 3747 1516

405 3786 464 3835 dem
483 3787 597 3836 Alardus
616 3787 660 3851 (cf.
679 3787 830 3853 Reichling,
848 3786 1080 3838 Murmellius104
1098 3787 1309 3836 undbesonders
1329 3785 1415 3847 1591,
1434 3801 1473 3834 wo
1492 3801 1524 3832 zu

405 3874 457 3923 deu
483 3873 624 3924 einzelnen
642 3873 785 3940 Ausgaben
810 3877 839 3924 in
866 3874 1233 3925 nachahmenswerther
1251 3873 1342 3923 Weise
1365 3873 1408 3922 die
1426 3871 1524 3922 Biblio-

404 3961 504 4010 theken
523 3962 680 4028 angegeben
699 3963 766 4027 sind,
784 3963 834 4012 551
849 3962 936 4012 denen
955 3962 1011 4011 sich
1029 3962 1167 4012 dieselben
1185 3961 1295 4026 finden).
1320 3963 1386 4010 1525
1406 3960 1524 4010 erschien

405 4063 438 4096 zu
451 4048 522 4098 Koln
536 4048 579 4099 bei
592 4049 741 4099 Eucherius
760 4049 937 4099 Corvicomus
955 4049 1086 4100 ebenfalls
1104 4051 1166 4099 eine
1177 4049 1287 4098 Edition
1305 4049 1392 4098 dieses
1403 4046 1523 4097 Werkes.

378 4132 464 4184 ²est‘?

377 4222 559 4274 ³Ludovicus
577 4211 660 4274 Vives
679 4238 727 4273 ans
745 4223 886 4290 Vulcacio,
913 4223 1021 4274 Freund
1040 4223 1086 4274 des
1104 4221 1239 4285 Erasmus,
1266 4222 1368 4273 Lehrer
1394 4222 1440 4272 des
1459 4221 1523 4271 Wil-

403 4309 473 4359 helm
493 4311 526 4360 de
545 4308 623 4375 croy,
642 4310 689 4360 (155
708 4314 832 4375 55515555
851 4311 991 4360 Cardinals
1009 4327 1063 4361 von
1081 4309 1191 4360 Toledo.
1212 4309 1264 4375 (ef.
1282 4308 1358 4359 Neve
1374 4311 1421 4359 136
1432 4309 1450 4358 f.
1469 4309 1523 4359 und

403 4397 436 4447 de
458 4397 637 4463 Reiffenberg,
661 4397 815 4460 Quatribme
839 4397 967 4449 Memoire
986 4415 1032 4449 sur
1055 4399 1095 4449 les
1117 4399 1188 4448 deux
1216 4399 1343 4463 premiers
1371 4395 1466 4448 siecles
1491 4397 1523 4446 de

403 4483 575 4535 l'Universite
603 4486 636 4536 de
662 4486 787 4535 Louvuin
813 4487 850 4534 im
877 4487 937 4536 VH.
956 4486 1049 4536 Bande
1076 4487 1123 4536 der
1148 4486 1299 4536 Nouveaux
1323 4483 1465 4536 Memoires
1492 4485 1524 4533 de

403 4571 565 4622 l’Academie
592 4572 695 4638 Royale
724 4573 770 4622 des
789 4573 913 4623 Scienees
940 4579 967 4623 et
993 4573 1082 4624 Belles
1099 4575 1206 4624 Lettres
1231 4573 1264 4622 de
1282 4571 1422 4622 Bruxelles
1449 4574 1522 4633 1832,

402 4659 427 4709 S.
446 4663 488 4722 23,
517 4676 564 4710 vor
581 4660 668 4710 Allem
695 4661 759 4710 uber
787 4661 839 4710 den
866 4661 924 4710 XV.
944 4661 1019 4710 Band
1048 4662 1094 4711 der
1121 4659 1262 4711 Memoires
1290 4657 1439 4710 couronnes
1466 4660 1520 4709 der·

400 4747 493 4798 selben
510 4748 657 4798 Akademie
676 4749 735 4813 (par
753 4746 839 4800 l'abbe
858 4749 1012 4813 Nambehe).
1050 4750 1102 4800 Die
1121 4749 1220 4799 Schrift
1238 4749 1359 4799 erschien
1380 4750 1455 4800 1522.
