3372 5768
141 517 239 590 [697]
451 532 552 573 Erasmus
566 544 607 574 von
622 534 746 576 Rotterdan
760 537 804 577 und
818 537 925 580 Martinus
940 539 1034 590 Lipsius.
1290 529 1332 592 35

141 705 213 782 tibi,
244 715 280 769 ut
308 709 378 792 ipse
408 707 493 772 diem
525 709 683 794 designes,
729 712 819 789 Vale,
852 715 896 778 mi
925 715 1151 781 candidissime
1175 717 1329 796 Gerarde,

142 819 179 872 et
212 810 371 896 Lypsium
404 814 578 879 amicorum
612 825 738 881 tuorum
772 817 916 901 catalogo
956 819 1115 884 adscribe.
1160 822 1189 885 Ε
1222 833 1331 887 nostra

141 913 261 978 cellula
282 916 316 978 in
339 916 472 1000 collegio
495 917 731 984 Canonicorum
753 921 1007 987 Martinensium.

248 1055 303 1106 Ans
321 1055 380 1106 dem
400 1056 463 1108 Cod.
482 1059 546 1109 Hor.
565 1059 596 1108 A.
615 1077 640 1124 p.
660 1061 701 1109 53.

673 1337 800 1401 XVIII.

251 1537 288 1592 D.
314 1537 464 1593 Martino
488 1538 608 1604 Lipsio
631 1540 738 1593 Brux.
763 1538 939 1594 Gerardus
962 1539 1090 1594 Riuius
1114 1540 1223 1596 (tend.

245 1721 398 1785 Nonnihil
420 1723 509 1805 angit
531 1723 673 1786 animum
695 1743 812 1796 meum,
845 1723 895 1783 vir
917 1722 1130 1804 integerrime,
1162 1722 1249 1806 quod
1272 1733 1328 1787 aut

138 1828 276 1910 negocia
298 1836 354 1890 tua
375 1836 431 1890 aut
453 1828 532 1904 ocia,
557 1849 692 1912 quorum
721 1825 829 1891 alteris
860 1827 985 1889 animus
1014 1825 1190 1890 instituitur
1219 1826 1327 1891 alteris

140 1933 294 2006 sarcitur,
333 1933 412 1993 meis
446 1933 548 1994 neniis
583 1953 679 2015 cogor
713 1932 955 2014 interrumpere.
1002 1927 1086 1994 Satis
1120 1933 1205 1995 enim
1239 1933 1325 2010 noui,

139 2058 240 2122 quam
263 2035 304 2112 id,
330 2035 415 2120 quod
440 2058 459 2098 a
482 2057 533 2099 me
555 2035 847 2100 defaecatissimum
862 2043 918 2098 aut
933 2032 1222 2100 elaboratissimum
1237 2037 1324 2114 exiit,

138 2140 229 2204 nulla
258 2163 299 2204 ex
330 2150 421 2226 parte
452 2141 570 2205 debeat
597 2141 639 2204 ad
669 2150 739 2204 tuos
770 2140 897 2204 labores
926 2141 1082 2225 aspirare,
1119 2142 1215 2203 etiam
1246 2164 1326 2226 quos

139 2246 271 2309 diutinis
294 2243 458 2308 laboribus
481 2245 628 2309 Minerua
657 2254 713 2310 tua
735 2245 869 2329 fatigata
890 2244 1036 2309 abortiuo
1063 2245 1131 2322 fetu
1154 2247 1324 2331 pepererit.

137 2351 214 2414 Non
237 2359 346 2434 posset
368 2351 453 2413 enim
476 2351 652 2414 tenuissimi
680 2349 773 2413 riuuli
805 2372 917 2413 cursus
947 2350 1138 2433 pigerrimus
1168 2350 1221 2413 vel
1253 2373 1326 2414 oum

139 2454 232 2517 faece
262 2455 364 2517 amnis
396 2453 608 2538 limpidissimi
638 2453 846 2518 contendere:
881 2448 971 2529 adeo,
1004 2453 1091 2538 quod
1121 2456 1154 2517 in
1184 2454 1245 2517 hoc
1277 2465 1326 2518 est

138 2559 392 2636 crassissimum,
428 2569 558 2643 superat
591 2560 687 2622 etiam
721 2559 851 2622 alterius
885 2559 1091 2649 purissimum
1124 2558 1262 2636 laticem,
1298 2561 1325 2623 si

138 2673 247 2726 tamen
271 2661 358 2726 latex
381 2662 537 2727 dicendus
560 2673 617 2740 est,
649 2663 703 2748 qui
727 2685 744 2724 c
769 2664 907 2727 cisterna
936 2673 1104 2748 promanat
1134 2673 1189 2727 aut
1218 2665 1326 2749 prodit

138 2765 295 2831 clacuna.
326 2767 449 2853 ltaque,
470 2769 495 2830 si
515 2766 613 2831 literis
632 2769 694 2831 tuis
708 2777 772 2831 tam
793 2769 962 2852 magnifice
983 2777 1175 2852 prouocatus
1192 2771 1326 2853 negocia

136 2883 195 2935 tua
216 2873 456 2957 importunitate
479 2894 551 2936 mea
573 2873 788 2949 interuortam,
819 2874 844 2936 si
871 2897 890 2936 a
913 2874 1002 2935 seriis
1026 2873 1123 2936 rebus
1146 2872 1323 2949 abduxer0,

135 2977 185 3040 tui
208 2977 348 3040 muneris
380 2986 428 3039 est
457 2976 551 3054 ferre,
583 2977 638 3062 qui
668 2986 733 3041 tam
765 2978 905 3041 officiose
928 3000 966 3040 ae
996 2987 1182 3041 reuerenter
1213 2999 1249 3041 eo
1272 2999 1324 3041 me

135 3081 296 3164 adegeris,
321 3081 417 3144 etiam
440 3091 682 3165 repugnantem.
708 3079 788 3160 Quis
812 3083 896 3144 enim
912 3081 964 3144 uel
980 3091 1112 3144 truncus
1129 3080 1182 3143 vel
1198 3080 1323 3144 caudex

135 3207 204 3249 non
228 3184 435 3248 extimulatur
465 3186 614 3249 orationis
646 3194 720 3249 tuae
744 3185 915 3249 violentia?
961 3185 1030 3268 Ego
1063 3205 1149 3261 sane,
1182 3185 1240 3247 etsi
1272 3183 1324 3247 vel

136 3289 288 3353 Thersite
318 3292 594 3372 ἀμετροεπέστερος,“
626 3290 751 3352 arcanis
783 3289 899 3374 eloquii
930 3289 975 3352 tui
1006 3288 1129 3352 viribus
1160 3289 1194 3351 in
1224 3288 1325 3352 verba

135 3395 298 3457 excitatus
329 3393 381 3456 vel
410 3394 511 3457 inuita
537 3393 684 3457 Minerua
715 3392 801 3457 istud
831 3414 900 3476 ago.
947 3389 1051 3477 Saepe
1082 3392 1167 3455 enim
1197 3391 1324 3472 hortatu

134 3509 236 3583 atque
259 3499 412 3561 instinctu
434 3497 568 3562 aliorum
584 3521 621 3562 eo
637 3499 851 3583 peruenimus,
877 3520 940 3584 quo
963 3507 1077 3561 natura
1098 3506 1205 3580 negat.
1237 3495 1324 3576 Quid

135 3603 225 3666 enim
248 3625 367 3688 quaeso
391 3612 457 3665 tam
480 3601 585 3665 sterile
608 3613 705 3688 atque
727 3602 892 3679 incultum,
922 3603 955 3665 in
978 3625 1041 3688 quo
1064 3623 1128 3664 non
1151 3601 1325 3686 plurimum

134 3706 246 3770 valeat
274 3706 316 3771 ad
347 3706 639 3792 expergiscendum
670 3707 824 3771 sermonis
854 3715 951 3792 atque
982 3706 1132 3770 orationis
1166 3703 1323 3769 facultas?

134 3811 244 3876 Huius
278 3820 364 3874 certe
396 3811 543 3874 efficacia
573 3834 638 3875 non
668 3811 762 3875 modo
793 3811 887 3888 feras,
920 3810 977 3874 sed
1008 3820 1040 3873 et
1070 3809 1166 3874 siluas
1189 3819 1221 3872 et
1245 3830 1325 3872 saxa

135 3924 226 3979 mota
247 3898 440 3979 fabulantur.
477 3914 634 3995 Quamuis
657 3937 716 3999 ego
739 3917 772 3978 in
795 3916 863 4000 ipso
888 3937 1006 3979 exorsu
1028 3914 1153 3978 duobus
1176 3913 1324 3997 grauissi-

135 4021 200 4083 mis
225 4019 461 4105 impedimentis
485 4018 584 4082 veluti
608 4019 747 4105 scopidis
770 4019 921 4105 prendor,
953 4020 1016 4104 qui,
1041 4019 1130 4081 utin
1153 4017 1324 4102 prouerbio
1408 4078 1411 4083 .

136 4133 325 4210 estusque
354 4125 520 4208 quiescere
544 4146 655 4210 ,neque
677 4125 831 4208 nauigare
861 4147 913 4188 me
945 4125 1060 4187 sinunt.
1107 4121 1140 4186 Si
1170 4121 1323 4199 rescribe,

135 4251 227 4294 meas
259 4228 368 4292 sordes
398 4227 467 4292 aliis
491 4227 641 4292 obtrud0:
677 4230 725 4292 sin
749 4250 848 4305 cesso,
877 4229 989 4292 merito
1019 4229 1163 4312 ingratus
1193 4225 1323 4302 habear,

136 4355 236 4420 quam
269 4335 302 4396 in
335 4357 386 4397 me
420 4333 547 4420 eulpam
577 4333 771 4410 admittere‚²
805 4343 962 4418 quatenus
995 4335 1028 4405 in
1059 4354 1110 4408 me
1142 4332 1236 4413 silum
1266 4340 1323 4428 essb

139 4501 344 4510 ..κο-...ψ-

181 4597 237 4646 111.
256 4598 290 4648 II.
310 4599 368 4648 212.

182 4701 192 4734 ²
210 4701 446 4754 Wahrscheinlich.
457 4717 492 4752 ne
510 4702 685 4755 admitterem.
