3320 5742
878 513 1025 554 Horavita.

301 735 304 740 -
356 713 420 755 non
436 693 607 755 missurum
623 712 694 754 eam
714 690 905 776 apologiam,
930 692 991 754 nisi
1015 696 1215 776 opportuno¹
1240 692 1315 756 dato
1337 695 1464 770 nuncio,
1487 715 1546 779 per

358 818 455 882 quem
478 796 596 860 audeat
618 794 719 860 libere
743 818 781 859 ea
805 797 932 860 sarcina
955 817 1098 859 onerare.
1137 796 1283 881 Reliqua,
1307 801 1342 861 ni
1364 799 1465 876 fallor,
1488 821 1546 885 per

357 901 504 987 quemuis
527 900 569 964 ad
593 908 624 963 te
648 899 747 976 dabit,
773 900 860 985 quod
883 900 1019 964 formam
1041 900 1184 965 habeant
1207 903 1421 987 epistolarem.
1450 905 1545 969 Forte

357 1004 534 1082 miraberis,
560 1005 646 1090 quod
663 1004 704 1068 de
721 1005 864 1069 secunda
880 1005 1028 1092 apologia
1043 1005 1164 1091 loquar,
1190 1028 1289 1090 quum
1305 1008 1461 1074 hactenus
1483 1032 1546 1073 una

358 1111 461 1175 solum
483 1109 582 1174 fuerit
605 1130 666 1172 nec
690 1111 861 1195 quisquam
884 1109 925 1173 de
949 1111 1093 1174 secunda
1115 1113 1307 1175 meminerit.
1332 1111 1453 1178 Contra
1467 1113 1546 1177 haec

357 1214 435 1279 nihil
458 1215 546 1278 aliud
569 1214 693 1291 dixero,
717 1216 779 1278 nisi
801 1225 838 1279 ut
860 1217 929 1301 ipse
953 1215 1132 1301 periculum
1155 1216 1267 1280 facias.
1290 1217 1424 1282 Nullum
1447 1218 1546 1282 ferme
1652 1239 1653 1244 ’

357 1330 424 1384 tam
452 1341 643 1404 germanum
673 1319 803 1383 videtur
832 1319 911 1384 mihi
942 1341 1012 1384 esse
1043 1343 1124 1405 opus
1148 1318 1341 1408 Amblrosii)
1374 1343 1473 1408 quam
1495 1322 1547 1386 illa

358 1422 528 1510 Apologia.
557 1424 782 1508 Magnitudine
799 1436 931 1510 superat
947 1426 1127 1490 secundum
1142 1425 1261 1490 librum
1277 1426 1442 1513 Interpell.
1467 1427 1547 1492 Vale

359 1531 530 1594 exanimo
554 1528 671 1592 dilecte
694 1529 860 1615 Eras(me)
885 1541 916 1594 et
938 1531 1014 1595 vide
1037 1553 1078 1594 ne
1100 1533 1204 1596 nostri
1226 1529 1326 1596 ullam
1353 1534 1547 1596 mentionem

358 1635 461 1699 facias
483 1633 571 1720 apud
594 1633 793 1698 Pascasium.
817 1632 880 1698 An.
904 1635 1137 1701 MDXXVHI.

1103 1740 1192 1804 Tuus
1216 1763 1258 1804 ex
1282 1741 1379 1805 corde
1403 1742 1504 1827 Lyps.

462 1865 509 1930 Ut
538 1885 708 1928 numerum
741 1861 917 1928 scriberem
940 1864 1133 1949 paginarum
1157 1873 1189 1928 et
1214 1886 1379 1942 versuum,
1407 1866 1507 1950 petiui
1530 1889 1549 1929 a

360 1969 554 2054 Goclcn(io),
587 1977 623 2032 ut
652 1968 730 2032 mihi
759 1968 979 2032 commodaret
1002 1991 1095 2033 suum
1118 1967 1358 2053 Amb(rosium)
1383 1969 1481 2054 idque
1503 1970 1547 2032 tui

359 2076 472 2158 gratia.
504 2074 606 2155 Fecit,
632 2073 698 2149 sed,
722 2082 758 2136 ut
781 2072 935 2149 intellexi,
959 2083 1103 2158 grauate.
1136 2074 1208 2138 Nec
1230 2075 1361 2155 mirum;
1384 2073 1549 2137 metuebat

361 2181 447 2243 enim
470 2201 511 2243 ne
533 2179 668 2243 ferendo
692 2188 724 2241 et
746 2178 917 2242 referendo
946 2178 1161 2242 laederentur.
1207 2179 1360 2263 Aequum
1390 2187 1483 2256 esset,
1514 2188 1548 2242 ut
1654 2231 1655 2244 .

359 2305 493 2368 magnas
517 2283 563 2348 illi
585 2305 717 2368 agerem
739 2285 869 2366 gratias,
895 2283 952 2346 sed
975 2305 1111 2368 nequeo.
1148 2283 1199 2346 Tu
1221 2285 1254 2347 in
1277 2283 1339 2347 hac
1362 2292 1455 2368 parte
1478 2304 1547 2347 meo

359 2388 493 2472 fungere
517 2388 633 2470 officio,
658 2390 684 2452 si
706 2388 823 2474 placet.

463 2492 564 2556 Titel:
610 2493 732 2576 Insigni
757 2514 868 2556 sacrae
892 2492 1086 2576 Theologiae
1109 2492 1283 2578 professori
1307 2493 1386 2556 Des.
1411 2491 1545 2557 Erasmc

360 2597 579 2662 Roterodamo
602 2596 773 2663 Basileae²
795 2599 913 2680 agenti.

462 2703 519 2752 Aus
537 2704 597 2753 dem
616 2703 680 2752 cod.
700 2703 773 2753 Vrat.
793 2703 905 2768 Rhedig.
925 2703 1003 2752 2641.
1023 2704 1081 2753 210.

911 2893 999 2958 XCI.

359 3061 507 3116 Ioannes
539 3059 696 3126 Lypsius
724 3060 969 3114 Bruxeliensis
1001 3073 1064 3114 suo
1097 3061 1219 3126 nepoti
1242 3061 1394 3115 Martino
1418 3061 1547 3127 Lypsio

878 3163 910 3218 s.
933 3165 970 3219 P.
995 3165 1034 3219 D.

464 3312 610 3398 Epistola
632 3314 687 3397 pia
709 3313 811 3395 magis
835 3334 933 3398 quam
955 3312 1106 3376 erudita.³

465 3418 604 3482 Martine
638 3438 738 3501 nepos
773 3415 903 3479 delicte!
940 3413 1022 3480 Cum
1052 3417 1132 3480 citra
1162 3419 1335 3482 triennium
1364 3419 1548 3482 Bruxellam

256 3521 258 3526 ’
361 3524 523 3585 venissem
554 3531 586 3584 et
615 3519 737 3585 ibidem
767 3521 950 3584 inuisissem
979 3522 1108 3597 amicos,
1141 3531 1177 3585 ut
1207 3522 1247 3585 de
1271 3525 1407 3586 caeteris
1431 3523 1546 3600 sileam,

361 3628 486 3710 rogauit
514 3648 564 3690 me
588 3626 707 3690 obnixe
730 3635 823 3711 pater
846 3635 928 3702 tuus,
961 3636 997 3689 ut
1020 3625 1072 3689 dei
1095 3627 1205 3712 tuique
1229 3628 1346 3691 intuitu
1368 3637 1399 3701 te
1424 3628 1548 3693 domino

361 3740 469 3795 nostro
493 3730 604 3795 abbati
628 3730 888 3794 commendarem
911 3728 953 3793 ad
976 3752 1049 3794 eum
1070 3730 1177 3808 finem,
1202 3740 1237 3794 ut
1252 3753 1380 3795 mecum
1395 3733 1429 3795 in
1444 3742 1548 3796 nostro

362 3835 583 3920 Egmondensi
613 3837 806 3900 monasterio
837 3837 928 3900 iuxta
950 3835 1119 3899 Benedicti
1143 3836 1323 3900 institutum
1347 3836 1407 3900 deo
1432 3839 1549 3900 seruire

362 3963 483 4026 posses.
512 3941 674 4012 Venulam
697 3942 782 4004 enim
806 3940 968 4026 quandam
992 3940 1171 4012 deuotionis
1194 3942 1313 4026 pariter
1337 3951 1368 4004 et
1390 3942 1549 4026 religionis

361 4046 438 4110 licet
459 4047 514 4108 in⁴
537 4055 667 4130 pectore
691 4054 724 4109 et
746 4055 850 4110 aetate
866 4045 980 4131 puerili
996 4044 1116 4109 habere
1133 4045 1306 4109 videbaris.
1332 4044 1549 4124 Quamobrem

361 4153 461 4236 patris
490 4151 537 4214 tui
567 4148 719 4235 precibus
745 4172 868 4214 morem
899 4171 1012 4234 gerere
1039 4151 1180 4234 gestiens
1211 4159 1330 4235 tuoque
1354 4150 1549 4215 collaborare

363 4254 551 4319 desiderans
588 4254 755 4340 profectui,
795 4255 828 4319 id
864 4255 998 4341 implere
1036 4255 1188 4320 sollicitus
1223 4255 1278 4319 fui.
1318 4254 1441 4319 Verum
1475 4255 1548 4340 quid

410 4431 417 4464 ¹
437 4435 575 4496 oportuno.

406 4517 535 4576 ²,Weiter
552 4523 637 4568 unten
655 4517 792 4568 nochmals
810 4518 941 4568 Basileae.

404 4604 414 4637 ³
432 4604 543 4655 Scheint
561 4607 620 4654 eine
639 4605 884 4669 Randbemerkung
902 4604 949 4654 dee
968 4606 1097 4654 Martinus
1116 4607 1231 4670 Lipsius.

404 4691 414 4723 ⁴
432 4691 578 4742 Vielleicht
594 4697 687 4742 tenero
705 4690 879 4759 ausgeiallen.
