3320 5742
124 557 225 629 [759]
434 567 536 609 Erasmus
550 577 592 608 von
606 565 732 608 Rotterdcm
746 567 790 606 und
804 567 912 608 Martinus
926 565 1021 618 Lipsius.
1280 549 1320 612 97

664 777 786 843 LXVI.
1154 796 1287 861 1523(r)¹

181 981 357 1038 Martinus
380 980 530 1046 Dorpius
554 978 768 1034 Naidioenus
793 992 909 1036 sacrae
933 977 1080 1046 paginae
1102 977 1279 1047 professor

361 1085 511 1142 Martino
535 1085 666 1153 Lypsio
689 1085 914 1140 Bruxellensi
937 1086 967 1138 8.
992 1083 1028 1138 P.
1053 1084 1091 1138 D.

235 1269 340 1346 Saluo,
372 1279 465 1356 pater
492 1269 649 1352 religiose.
695 1268 747 1331 De
778 1277 834 1333 tuo
869 1268 1000 1332 salutari
1034 1267 1144 1332 labore
1178 1265 1320 1332 Alardus

123 1375 219 1461 apud
240 1396 293 1438 me
315 1396 357 1437 ne
379 1374 483 1438 verbo
515 1373 647 1459 quidem
676 1373 822 1436 meminit
850 1394 1002 1457 unquam,
1037 1373 1070 1436 id
1097 1372 1184 1458 quod
1213 1373 1319 1436 miror.

123 1480 253 1544 Hortor
273 1489 383 1543 temen
404 1487 446 1556 te,
470 1488 506 1542 ut
527 1499 645 1563 pergas
669 1486 831 1541 strenuam
855 1497 986 1562 operam
1008 1499 1137 1554 nauare,
1162 1498 1225 1561 quo
1248 1498 1321 1540 con-

125 1585 216 1649 sulas
255 1584 413 1649 studiosis.
458 1582 621 1668 Equidem
654 1582 863 1646 decreueram
897 1579 1075 1664 Euangelia
1108 1589 1205 1665 atque
1238 1580 1320 1645 adeo

123 1711 250 1754 nouum
266 1688 520 1753 instrumentum
542 1687 738 1773 praelegere,
763 1686 821 1750 sed
844 1708 903 1772 per
926 1688 1154 1770 occupationes
1176 1685 1319 1749 nondum

123 1795 213 1871 licet,
239 1792 355 1879 quibus
378 1793 520 1878 undique
543 1815 680 1877 premor.
726 1791 778 1854 De
801 1790 1074 1855 Melanohthone2
1098 1789 1319 1875 similibusque

124 1899 228 1963 rebus
251 1897 407 1962 hactenus
438 1920 544 1984 neque
567 1899 666 1961 annui
697 1899 871 1982 quicquam
893 1917 999 1981 neque
1023 1896 1124 1958 renui.
1170 1894 1320 1959 Viderint

124 2006 159 2081 ii,
186 2002 304 2089 quibus
327 2002 389 2068 hoc
411 2004 582 2086 negocium
606 2012 663 2078 est,
689 2000 929 2076 demandatum,
959 2021 1018 2084 ego
1046 2021 1098 2063 me
1122 1999 1167 2062 illi
1196 2010 1318 2084 tragoe-

124 2109 201 2174 diae
224 2130 289 2172 non
312 2107 483 2172 admisceo.
521 2107 612 2170 Bene
635 2105 707 2171 uale
730 2107 781 2170 uir
802 2104 959 2189 religiose.
994 2104 1047 2168 Ex
1069 2104 1205 2169 aedibus
1228 2102 1317 2168 meis.

192 2243 195 2250 ·
233 2233 289 2282 Ans
307 2233 368 2283 dem
387 2231 450 2282 Cod.
469 2231 533 2282 Hor.
552 2231 583 2282 A.
601 2249 627 2297 p.
648 2231 724 2280 123f.

164 2479 274 2528 nawen.
650 2455 790 2521 LXVII.
1091 2477 1114 2526 1.
1132 2475 1188 2524 Mai
1208 2477 1282 2524 1525.

125 2661 278 2714 Strenuo
302 2659 477 2714 bonarum
499 2657 683 2713 literarum
706 2655 838 2712 vindici
860 2656 1008 2712 Nicolao
1032 2651 1318 2711 Βιιειοοᾱιιτεοηεί3

319 2761 492 2817 Martinus
516 2761 673 2829 Lypsius
697 2761 943 2817 BruxellensIs
966 2761 997 2816 S.
1022 2760 1061 2816 D.
1084 2761 1122 2815 P.

230 2944 442 3032 Aliquantum
465 2955 579 3010 nactus
603 2948 664 3010 ocii
687 2945 854 3031 quiddam,
887 2945 972 3031 quod
995 2967 1069 3010 mea
1092 2946 1252 3009 sententia
1282 2947 1315 3008 in

123 3073 195 3115 rem
219 3061 307 3115 tuam
331 3060 388 3129 est,
424 3050 484 3115 tibi
507 3050 651 3115 indicare
674 3053 787 3137 paucis
812 3051 952 3114 decreui.
999 3051 1030 3115 A
1051 3049 1214 3137 plerisque
1237 3051 1316 3114 mihi
1388 3130 1396 3144 .

123 3166 293 3220 narratum
316 3156 377 3220 fuit
399 3166 431 3220 te
454 3158 519 3220 iam
541 3157 583 3221 ab
606 3157 741 3220 Erasmo
773 3155 949 3220 desciuisse
980 3178 1018 3219 ac
1050 3178 1087 3219 eo
1117 3157 1315 3240 processisse

122 3262 337 3344 inimicitias,⁴
366 3269 457 3324 utet
489 3263 644 3325 conuiciis
675 3283 749 3324 eum
778 3263 956 3341 insecteris,
992 3271 1057 3324 tam
1084 3260 1194 3324 uerbis
1218 3282 1315 3345 quam

122 3367 263 3452 scriptis.
310 3366 433 3430 Verum
472 3388 545 3429 cum
578 3365 658 3429 nihil
696 3366 812 3431 horum
849 3364 928 3430 mihi
966 3365 1156 3451 persuaderi
1194 3376 1313 3450 posset,

122 3472 329 3536 commodum
353 3471 486 3536 aduenit
507 3480 600 3557 pater
622 3471 816 3549 Anthonius,
841 3473 899 3549 vir,
924 3470 1010 3556 quod
1026 3480 1057 3534 te
1077 3492 1142 3558 non
1165 3472 1257 3556 fugit,
1283 3481 1315 3536 et

121 3575 184 3640 tibi
214 3587 246 3641 et
275 3575 352 3640 mihi
386 3577 569 3640 notissimus
600 3579 722 3661 pariter
751 3585 784 3639 et
812 3578 1035 3640 amicissimus.
1081 3575 1160 3640 Mox
1191 3578 1247 3658 tui,
1279 3587 1314 3640 ut

121 3702 177 3744 me
207 3681 323 3758 decuit,
356 3683 551 3745 mentionem
582 3681 655 3764 feci,
688 3683 865 3759 insinuans,
897 3679 974 3766 quid
1005 3679 1045 3744 de
1068 3689 1100 3743 te
1131 3681 1218 3744 fama
1241 3680 1313 3744 vul·

120 3786 217 3869 gerit.
263 3785 443 3871 Respondit
467 3795 498 3848 te
523 3785 654 3871 quidem
677 3785 784 3850 adhuc
816 3787 956 3848 amicum
983 3807 1054 3848 esse
1078 3785 1223 3867 Erasmo,
1256 3786 1313 3850 sed

121 3889 282 3953 offensum
304 3890 450 3954 nonnihil
472 3889 635 3976 opuscula
665 3891 750 3976 quod
773 3899 877 3976 nuper
900 3889 1001 3953 edidit
1029 3889 1070 3952 de
1099 3888 1200 3953 libero
1232 3890 1313 3954 arbi-

121 3996 193 4058 trie.
239 3994 348 4060 Rediit
377 3995 461 4072 ilico,
498 3997 608 4081 quiin
639 4017 691 4058 me
723 3995 917 4072 conciderat,
957 3996 1093 4058 animus.
1139 3994 1313 4080 Nunquam

122 4101 209 4162 enirn
233 4101 310 4163 vitio
334 4101 417 4163 verti
441 4100 602 4184 cuiquam,
627 4099 714 4186 quod
737 4099 874 4162 ciuiliter
904 4099 946 4163 ab
969 4099 1105 4163 Erasmo
1134 4099 1311 4176 dissentiat,

124 4243 325 4250 ..ψ-...ης-

166 4310 173 4344 ¹
191 4311 325 4376 Datirung
343 4325 436 4377 wegen
454 4311 501 4360 des
519 4310 622 4376 Brieles
640 4325 678 4360 nr.
699 4311 782 4360 XXII.

164 4399 175 4434 2
194 4397 257 4448 Cod.
276 4398 474 4450 Melanchtone.

163 4485 318 4536 ³Nicolaus
336 4487 567 4548 Buschiducensis‚
596 4486 809 4550 correspondent
827 4485 873 4534 des
891 4485 1026 4546 Erasmus,
1054 4485 1100 4534 der
1126 4485 1173 4534 ihn
1200 4485 1311 4534 ludima-

191 4575 274 4638 gister
294 4575 364 4639 apud
382 4575 562 4639 Autwerpiam
583 4573 655 4638 (306)
675 4577 765 4622 nennt.
796 4572 857 4637 Vgl.
876 4573 945 4621 auch
964 4572 1016 4622 den
1029 4572 1105 4622 Briel'
1120 4572 1166 4622 des
1185 4573 1311 4621 Erasmus

190 4677 251 4710 vom
270 4661 353 4710 dabre
374 4663 439 4711 1518
459 4661 541 4726 (384),
559 4661 589 4708 in
606 4659 666 4709 dem
686 4675 714 4710 er
732 4659 778 4708 ihn
796 4663 907 4724 griissen
926 4658 998 4710 lissi.

165 4747 175 4780 ⁴
192 4748 367 4797 inimicitiae?
