<?xml version="1.0" encoding="UTF-8"?>
<!DOCTYPE html PUBLIC "-//W3C//DTD XHTML 1.0 Transitional//EN"
    "http://www.w3.org/TR/xhtml1/DTD/xhtml1-transitional.dtd">
<html xmlns="http://www.w3.org/1999/xhtml" xml:lang="en" lang="en">
 <head>
  <title>
</title>
<meta http-equiv="Content-Type" content="text/html;charset=utf-8" />
  <meta name='ocr-system' content='tesseract 3.04.00' />
  <meta name='ocr-capabilities' content='ocr_page ocr_carea ocr_par ocr_line ocrx_word'/>
</head>
<body>
  <div class='ocr_page' id='page_1' title='image "./erasmusvonrotte00lipsgoog_0105.png"; bbox 0 0 3320 5742; ppageno 0'>
   <div class='ocr_carea' id='block_1_1' title="bbox 80 525 1293 598">
    <p class='ocr_par' dir='ltr' id='par_1_1' title="bbox 80 525 1293 598">
     <span class='ocr_line' id='line_1_1' title="bbox 80 525 1293 598; baseline 0.002 -20"><span class='ocrx_word' id='word_1_1' title='bbox 80 525 182 598; x_wconf 84' lang='grc'><strong>[761]</strong></span> <span class='ocrx_word' id='word_1_2' title='bbox 405 539 506 578; x_wconf 77' lang='lat' dir='ltr'>Erasmus</span> <span class='ocrx_word' id='word_1_3' title='bbox 520 550 561 579; x_wconf 88' lang='lat' dir='ltr'>von</span> <span class='ocrx_word' id='word_1_4' title='bbox 576 538 702 579; x_wconf 83' lang='lat' dir='ltr'>Rotterdam</span> <span class='ocrx_word' id='word_1_5' title='bbox 716 539 761 579; x_wconf 83' lang='lat' dir='ltr'>und</span> <span class='ocrx_word' id='word_1_6' title='bbox 776 538 884 580; x_wconf 78' lang='lat' dir='ltr'>Martinus</span> <span class='ocrx_word' id='word_1_7' title='bbox 898 539 994 590; x_wconf 77' lang='lat' dir='ltr'>Lipsius.</span> <span class='ocrx_word' id='word_1_8' title='bbox 1252 525 1293 588; x_wconf 82' lang='grc'>99</span> 
     </span>
    </p>
   </div>
   <div class='ocr_carea' id='block_1_2' title="bbox 79 712 1295 1111">
    <p class='ocr_par' dir='ltr' id='par_1_2' title="bbox 85 712 1295 802">
     <span class='ocr_line' id='line_1_2' title="bbox 85 712 1295 802; baseline 0.003 -26"><span class='ocrx_word' id='word_1_9' title='bbox 85 713 171 796; x_wconf 91' lang='lat' dir='ltr'>quid</span> <span class='ocrx_word' id='word_1_10' title='bbox 212 717 372 777; x_wconf 88' lang='lat' dir='ltr'>muneris.</span> <span class='ocrx_word' id='word_1_11' title='bbox 419 712 493 778; x_wconf 84' lang='lat' dir='ltr'>Scio</span> <span class='ocrx_word' id='word_1_12' title='bbox 527 723 559 776; x_wconf 88' lang='lat' dir='ltr'>te</span> <span class='ocrx_word' id='word_1_13' title='bbox 593 713 672 777; x_wconf 91' lang='lat' dir='ltr'>illud</span> <span class='ocrx_word' id='word_1_14' title='bbox 707 736 777 777; x_wconf 87' lang='lat' dir='ltr'>esse</span> <span class='ocrx_word' id='word_1_15' title='bbox 811 714 989 799; x_wconf 83' lang='lat' dir='ltr'>indignum,</span> <span class='ocrx_word' id='word_1_16' title='bbox 1026 717 1084 780; x_wconf 90' lang='lat' dir='ltr'>sed</span> <span class='ocrx_word' id='word_1_17' title='bbox 1114 739 1219 802; x_wconf 90' lang='lat' dir='ltr'>aquo</span> <span class='ocrx_word' id='word_1_18' title='bbox 1254 719 1295 780; x_wconf 91' lang='lat' dir='ltr'>sit</span> 
     </span>
    </p>

    <p class='ocr_par' dir='ltr' id='par_1_3' title="bbox 79 817 1294 905">
     <span class='ocr_line' id='line_1_3' title="bbox 79 817 1294 905; baseline 0.004 -25"><span class='ocrx_word' id='word_1_19' title='bbox 79 817 290 903; x_wconf 87' lang='lat' dir='ltr'>profectum,</span> <span class='ocrx_word' id='word_1_20' title='bbox 323 820 382 881; x_wconf 89' lang='lat' dir='ltr'>etsi</span> <span class='ocrx_word' id='word_1_21' title='bbox 411 840 462 881; x_wconf 90' lang='lat' dir='ltr'>res</span> <span class='ocrx_word' id='word_1_22' title='bbox 490 820 562 903; x_wconf 88' lang='lat' dir='ltr'>ipsa</span> <span class='ocrx_word' id='word_1_23' title='bbox 579 820 617 881; x_wconf 85' lang='lat' dir='ltr'>&#39;in</span> <span class='ocrx_word' id='word_1_24' title='bbox 645 821 807 903; x_wconf 88' lang='lat' dir='ltr'>speciem¹</span> <span class='ocrx_word' id='word_1_25' title='bbox 831 819 995 897; x_wconf 86' lang='lat' dir='ltr'>vilissima,</span> <span class='ocrx_word' id='word_1_26' title='bbox 1028 820 1207 905; x_wconf 81' lang='lat' dir='ltr'>diligenter,</span> <span class='ocrx_word' id='word_1_27' title='bbox 1240 822 1294 885; x_wconf 90' lang='lat' dir='ltr'>ob-</span> 
     </span>
    </p>

    <p class='ocr_par' dir='ltr' id='par_1_4' title="bbox 81 923 1289 1111">
     <span class='ocr_line' id='line_1_4' title="bbox 81 923 1289 1007; baseline 0.003 -23"><span class='ocrx_word' id='word_1_28' title='bbox 81 945 190 998; x_wconf 85' lang='lat' dir='ltr'>secre,</span> <span class='ocrx_word' id='word_1_29' title='bbox 219 923 376 1007; x_wconf 90' lang='lat' dir='ltr'>expende</span> <span class='ocrx_word' id='word_1_30' title='bbox 400 932 431 985; x_wconf 90' lang='lat' dir='ltr'>et</span> <span class='ocrx_word' id='word_1_31' title='bbox 454 945 511 986; x_wconf 90' lang='lat' dir='ltr'>nos</span> <span class='ocrx_word' id='word_1_32' title='bbox 534 925 580 986; x_wconf 91' lang='lat' dir='ltr'>tui</span> <span class='ocrx_word' id='word_1_33' title='bbox 603 925 839 986; x_wconf 87' lang='lat' dir='ltr'>amantissimos</span> <span class='ocrx_word' id='word_1_34' title='bbox 862 924 1003 988; x_wconf 90' lang='lat' dir='ltr'>redama.</span> <span class='ocrx_word' id='word_1_35' title='bbox 1038 925 1121 988; x_wconf 84' lang='lat' dir='ltr'>Vale</span> <span class='ocrx_word' id='word_1_36' title='bbox 1144 926 1289 990; x_wconf 75' lang='lat' dir='ltr'>feliciter.</span> 
     </span>
     <span class='ocr_line' id='line_1_5' title="bbox 194 1046 675 1111; baseline 0.002 -16"><span class='ocrx_word' id='word_1_37' title='bbox 194 1046 258 1095; x_wconf 86' lang='lat' dir='ltr'>Ans</span> <span class='ocrx_word' id='word_1_38' title='bbox 278 1047 337 1096; x_wconf 90' lang='lat' dir='ltr'>dem</span> <span class='ocrx_word' id='word_1_39' title='bbox 357 1046 420 1096; x_wconf 87' lang='lat' dir='ltr'>Cod.</span> <span class='ocrx_word' id='word_1_40' title='bbox 440 1047 497 1096; x_wconf 92' lang='lat' dir='ltr'>Hor</span> <span class='ocrx_word' id='word_1_41' title='bbox 523 1047 553 1096; x_wconf 83' lang='lat' dir='ltr'>A.</span> <span class='ocrx_word' id='word_1_42' title='bbox 573 1063 597 1111; x_wconf 91' lang='lat' dir='ltr'>p.</span> <span class='ocrx_word' id='word_1_43' title='bbox 619 1049 675 1096; x_wconf 79' lang='lat'>125.</span> 
     </span>
    </p>
   </div>
   <div class='ocr_carea' id='block_1_3' title="bbox 81 1273 1258 1542">
    <p class='ocr_par' dir='ltr' id='par_1_5' title="bbox 81 1273 1258 1542">
     <span class='ocr_line' id='line_1_6' title="bbox 81 1273 1258 1344; baseline 0.002 -2"><span class='ocrx_word' id='word_1_44' title='bbox 81 1296 220 1342; x_wconf 78' lang='lat' dir='ltr'>nowen.</span> <span class='ocrx_word' id='word_1_45' title='bbox 630 1273 755 1336; x_wconf 89' lang='lat' dir='ltr'>LXIX.</span> <span class='ocrx_word' id='word_1_46' title='bbox 1067 1297 1089 1343; x_wconf 92' lang='lat'>1.</span> <span class='ocrx_word' id='word_1_47' title='bbox 1108 1295 1163 1343; x_wconf 74' lang='lat' dir='ltr'>nn</span> <span class='ocrx_word' id='word_1_48' title='bbox 1184 1295 1258 1344; x_wconf 78' lang='grc'><strong>1111.</strong></span> 
     </span>
     <span class='ocr_line' id='line_1_7' title="bbox 259 1475 1136 1542; baseline 0 -12"><span class='ocrx_word' id='word_1_49' title='bbox 259 1475 434 1532; x_wconf 85' lang='lat' dir='ltr'>Martinus</span> <span class='ocrx_word' id='word_1_50' title='bbox 457 1475 612 1542; x_wconf 77' lang='lat' dir='ltr'>Lypsius</span> <span class='ocrx_word' id='word_1_51' title='bbox 636 1476 741 1532; x_wconf 87' lang='lat' dir='ltr'>Brux.</span> <span class='ocrx_word' id='word_1_52' title='bbox 762 1475 890 1530; x_wconf 76' lang='lat' dir='ltr'>carolo</span> <span class='ocrx_word' id='word_1_53' title='bbox 906 1476 1081 1542; x_wconf 80' lang='lat' dir='ltr'>suoqueto</span> <span class='ocrx_word' id='word_1_54' title='bbox 1105 1475 1136 1531; x_wconf 78' lang='lat'>8.</span> 
     </span>
    </p>
   </div>
   <div class='ocr_carea' id='block_1_4' title="bbox 48 1659 1294 3318">
    <p class='ocr_par' dir='ltr' id='par_1_6' title="bbox 48 1659 1294 3318">
     <span class='ocr_line' id='line_1_8' title="bbox 195 1659 1291 1745; baseline -0.002 -21"><span class='ocrx_word' id='word_1_55' title='bbox 195 1661 274 1724; x_wconf 89' lang='lat' dir='ltr'>Nec</span> <span class='ocrx_word' id='word_1_56' title='bbox 297 1660 471 1745; x_wconf 87' lang='lat' dir='ltr'>voluptatis</span> <span class='ocrx_word' id='word_1_57' title='bbox 497 1681 559 1722; x_wconf 89' lang='lat' dir='ltr'>nec</span> <span class='ocrx_word' id='word_1_58' title='bbox 583 1659 766 1743; x_wconf 84' lang='lat' dir='ltr'>compendii</span> <span class='ocrx_word' id='word_1_59' title='bbox 789 1667 914 1722; x_wconf 88' lang='lat' dir='ltr'>tantum</span> <span class='ocrx_word' id='word_1_60' title='bbox 937 1659 996 1722; x_wconf 91' lang='lat' dir='ltr'>tibi</span> <span class='ocrx_word' id='word_1_61' title='bbox 1019 1660 1165 1723; x_wconf 85' lang='lat' dir='ltr'>conferre</span> <span class='ocrx_word' id='word_1_62' title='bbox 1188 1663 1291 1745; x_wconf 88' lang='lat' dir='ltr'>potuit</span> 
     </span>
     <span class='ocr_line' id='line_1_9' title="bbox 84 1763 1293 1850; baseline -0.002 -20"><span class='ocrx_word' id='word_1_63' title='bbox 84 1777 212 1844; x_wconf 87' lang='lat' dir='ltr'>nostra,</span> <span class='ocrx_word' id='word_1_64' title='bbox 241 1765 451 1850; x_wconf 77' lang='lat' dir='ltr'>qualisqualis</span> <span class='ocrx_word' id='word_1_65' title='bbox 474 1787 512 1829; x_wconf 83' lang='lat' dir='ltr'>aa</span> <span class='ocrx_word' id='word_1_66' title='bbox 535 1765 602 1842; x_wconf 87' lang='lat' dir='ltr'>fuit,</span> <span class='ocrx_word' id='word_1_67' title='bbox 628 1763 853 1839; x_wconf 86' lang='lat' dir='ltr'>confabulatio,</span> <span class='ocrx_word' id='word_1_68' title='bbox 878 1773 1035 1848; x_wconf 90' lang='lat' dir='ltr'>quantum</span> <span class='ocrx_word' id='word_1_69' title='bbox 1057 1764 1135 1828; x_wconf 89' lang='lat' dir='ltr'>mihi</span> <span class='ocrx_word' id='word_1_70' title='bbox 1159 1764 1293 1828; x_wconf 76' lang='lat' dir='ltr'>solatio²</span> 
     </span>
     <span class='ocr_line' id='line_1_10' title="bbox 85 1867 1293 1953; baseline 0 -21"><span class='ocrx_word' id='word_1_71' title='bbox 85 1881 165 1934; x_wconf 86' lang='lat' dir='ltr'>tuae</span> <span class='ocrx_word' id='word_1_72' title='bbox 203 1869 330 1934; x_wconf 77' lang='lat' dir='ltr'>literae,</span> <span class='ocrx_word' id='word_1_73' title='bbox 377 1868 443 1934; x_wconf 86' lang='lat' dir='ltr'>Sed</span> <span class='ocrx_word' id='word_1_74' title='bbox 473 1878 505 1932; x_wconf 89' lang='lat' dir='ltr'>et</span> <span class='ocrx_word' id='word_1_75' title='bbox 538 1869 599 1932; x_wconf 93' lang='lat' dir='ltr'>hoc</span> <span class='ocrx_word' id='word_1_76' title='bbox 632 1868 705 1953; x_wconf 90' lang='lat' dir='ltr'>plus</span> <span class='ocrx_word' id='word_1_77' title='bbox 738 1867 861 1932; x_wconf 90' lang='lat' dir='ltr'>habent</span> <span class='ocrx_word' id='word_1_78' title='bbox 895 1868 1060 1932; x_wconf 86' lang='lat' dir='ltr'>efficaciae</span> <span class='ocrx_word' id='word_1_79' title='bbox 1094 1891 1133 1933; x_wconf 87' lang='lat' dir='ltr'>ac</span> <span class='ocrx_word' id='word_1_80' title='bbox 1166 1871 1293 1932; x_wconf 85' lang='lat' dir='ltr'>virtutis</span> 
     </span>
     <span class='ocr_line' id='line_1_11' title="bbox 86 1972 1292 2061; baseline -0.002 -22"><span class='ocrx_word' id='word_1_81' title='bbox 86 1976 206 2040; x_wconf 88' lang='lat' dir='ltr'>literae</span> <span class='ocrx_word' id='word_1_82' title='bbox 233 1997 333 2061; x_wconf 88' lang='lat' dir='ltr'>quam</span> <span class='ocrx_word' id='word_1_83' title='bbox 355 1973 459 2038; x_wconf 88' lang='lat' dir='ltr'>verba</span> <span class='ocrx_word' id='word_1_84' title='bbox 480 1973 628 2050; x_wconf 87' lang='lat' dir='ltr'>euanida,</span> <span class='ocrx_word' id='word_1_85' title='bbox 654 1995 717 2058; x_wconf 92' lang='lat' dir='ltr'>quo</span> <span class='ocrx_word' id='word_1_86' title='bbox 734 1972 898 2036; x_wconf 80' lang='lat' dir='ltr'>solidiores</span> <span class='ocrx_word' id='word_1_87' title='bbox 922 1982 996 2036; x_wconf 90' lang='lat' dir='ltr'>sunt</span> <span class='ocrx_word' id='word_1_88' title='bbox 1011 1995 1050 2036; x_wconf 88' lang='lat' dir='ltr'>ac</span> <span class='ocrx_word' id='word_1_89' title='bbox 1070 1972 1292 2037; x_wconf 89' lang='lat' dir='ltr'>durabiliores.</span> 
     </span>
     <span class='ocr_line' id='line_1_12' title="bbox 86 2077 1292 2163; baseline 0 -21"><span class='ocrx_word' id='word_1_90' title='bbox 86 2079 165 2143; x_wconf 90' lang='lat' dir='ltr'>Non</span> <span class='ocrx_word' id='word_1_91' title='bbox 190 2081 282 2143; x_wconf 89' lang='lat' dir='ltr'>enim</span> <span class='ocrx_word' id='word_1_92' title='bbox 306 2086 521 2163; x_wconf 87' lang='lat' dir='ltr'>praetereunt,</span> <span class='ocrx_word' id='word_1_93' title='bbox 550 2088 586 2142; x_wconf 90' lang='lat' dir='ltr'>ut</span> <span class='ocrx_word' id='word_1_94' title='bbox 607 2099 715 2154; x_wconf 85' lang='lat' dir='ltr'>voces,</span> <span class='ocrx_word' id='word_1_95' title='bbox 748 2099 831 2163; x_wconf 89' lang='lat' dir='ltr'>quae</span> <span class='ocrx_word' id='word_1_96' title='bbox 855 2077 949 2141; x_wconf 91' lang='lat' dir='ltr'>simul</span> <span class='ocrx_word' id='word_1_97' title='bbox 972 2099 1011 2140; x_wconf 87' lang='lat' dir='ltr'>ae</span> <span class='ocrx_word' id='word_1_98' title='bbox 1034 2077 1178 2162; x_wconf 89' lang='lat' dir='ltr'>prolatae</span> <span class='ocrx_word' id='word_1_99' title='bbox 1210 2087 1292 2156; x_wconf 90' lang='lat' dir='ltr'>sunt,</span> 
     </span>
     <span class='ocr_line' id='line_1_13' title="bbox 89 2181 1293 2267; baseline -0.002 -19"><span class='ocrx_word' id='word_1_100' title='bbox 89 2187 156 2248; x_wconf 90' lang='lat' dir='ltr'>iam</span> <span class='ocrx_word' id='word_1_101' title='bbox 189 2206 294 2248; x_wconf 89' lang='lat' dir='ltr'>voces</span> <span class='ocrx_word' id='word_1_102' title='bbox 325 2205 396 2246; x_wconf 91' lang='lat' dir='ltr'>esse</span> <span class='ocrx_word' id='word_1_103' title='bbox 427 2183 600 2247; x_wconf 87' lang='lat' dir='ltr'>desierunt.</span> <span class='ocrx_word' id='word_1_104' title='bbox 645 2183 738 2261; x_wconf 26' lang='lat' dir='ltr'>Hine·</span> <span class='ocrx_word' id='word_1_105' title='bbox 762 2191 818 2260; x_wconf 89' lang='lat' dir='ltr'>est,</span> <span class='ocrx_word' id='word_1_106' title='bbox 851 2181 939 2267; x_wconf 91' lang='lat' dir='ltr'>quod</span> <span class='ocrx_word' id='word_1_107' title='bbox 968 2182 1124 2246; x_wconf 87' lang='lat' dir='ltr'>Erasmus</span> <span class='ocrx_word' id='word_1_108' title='bbox 1155 2183 1228 2267; x_wconf 92' lang='lat' dir='ltr'>plus</span> <span class='ocrx_word' id='word_1_109' title='bbox 1259 2205 1293 2246; x_wconf 91' lang='lat' dir='ltr'>se</span> 
     </span>
     <span class='ocr_line' id='line_1_14' title="bbox 88 2273 1293 2372; baseline -0.003 -18"><span class='ocrx_word' id='word_1_110' title='bbox 88 2290 245 2354; x_wconf 79' lang='lat' dir='ltr'>utilitatis</span> <span class='ocrx_word' id='word_1_111' title='bbox 269 2288 397 2352; x_wconf 86' lang='lat' dir='ltr'>adferre</span> <span class='ocrx_word' id='word_1_112' title='bbox 421 2287 523 2352; x_wconf 91' lang='lat' dir='ltr'>eredit</span> <span class='ocrx_word' id='word_1_113' title='bbox 547 2287 616 2351; x_wconf 89' lang='lat' dir='ltr'>orbi</span> <span class='ocrx_word' id='word_1_114' title='bbox 640 2285 822 2364; x_wconf 81' lang='lat' dir='ltr'>christiane,</span> <span class='ocrx_word' id='word_1_115' title='bbox 848 2288 874 2350; x_wconf 90' lang='lat' dir='ltr'>si</span> <span class='ocrx_word' id='word_1_116' title='bbox 897 2286 1026 2363; x_wconf 88' lang='lat' dir='ltr'>scribat,</span> <span class='ocrx_word' id='word_1_117' title='bbox 1051 2273 1149 2372; x_wconf 77' lang='lat' dir='ltr'>quam</span> <span class='ocrx_word' id='word_1_118' title='bbox 1172 2288 1198 2350; x_wconf 90' lang='lat' dir='ltr'>si</span> <span class='ocrx_word' id='word_1_119' title='bbox 1221 2309 1293 2350; x_wconf 89' lang='lat' dir='ltr'>con·</span> 
     </span>
     <span class='ocr_line' id='line_1_15' title="bbox 91 2390 1292 2477; baseline -0.001 -22"><span class='ocrx_word' id='word_1_120' title='bbox 91 2392 255 2457; x_wconf 89' lang='lat' dir='ltr'>cionetur.</span> <span class='ocrx_word' id='word_1_121' title='bbox 284 2392 407 2456; x_wconf 90' lang='lat' dir='ltr'>Verum</span> <span class='ocrx_word' id='word_1_122' title='bbox 423 2401 472 2454; x_wconf 90' lang='lat' dir='ltr'>est</span> <span class='ocrx_word' id='word_1_123' title='bbox 487 2393 593 2476; x_wconf 85' lang='lat' dir='ltr'>igitur,</span> <span class='ocrx_word' id='word_1_124' title='bbox 619 2391 705 2477; x_wconf 92' lang='lat' dir='ltr'>quod</span> <span class='ocrx_word' id='word_1_125' title='bbox 721 2391 799 2468; x_wconf 85' lang='lat' dir='ltr'>dixi,</span> <span class='ocrx_word' id='word_1_126' title='bbox 823 2392 932 2454; x_wconf 89' lang='lat' dir='ltr'>inania</span> <span class='ocrx_word' id='word_1_127' title='bbox 954 2412 1027 2453; x_wconf 89' lang='lat' dir='ltr'>mea</span> <span class='ocrx_word' id='word_1_128' title='bbox 1049 2391 1152 2454; x_wconf 88' lang='lat' dir='ltr'>uerba</span> <span class='ocrx_word' id='word_1_129' title='bbox 1175 2390 1292 2454; x_wconf 89' lang='lat' dir='ltr'>cedere</span> 
     </span>
     <span class='ocr_line' id='line_1_16' title="bbox 90 2495 1291 2582; baseline -0.001 -22"><span class='ocrx_word' id='word_1_130' title='bbox 90 2500 157 2562; x_wconf 88' lang='lat' dir='ltr'>tuis</span> <span class='ocrx_word' id='word_1_131' title='bbox 193 2496 309 2560; x_wconf 90' lang='lat' dir='ltr'>solidis</span> <span class='ocrx_word' id='word_1_132' title='bbox 339 2496 448 2559; x_wconf 88' lang='lat' dir='ltr'>literis.</span> <span class='ocrx_word' id='word_1_133' title='bbox 496 2495 659 2576; x_wconf 79' lang='lat' dir='ltr'>Quorsum</span> <span class='ocrx_word' id='word_1_134' title='bbox 688 2499 798 2582; x_wconf 86' lang='lat' dir='ltr'>itaque</span> <span class='ocrx_word' id='word_1_135' title='bbox 829 2518 909 2581; x_wconf 91' lang='lat' dir='ltr'>opus</span> <span class='ocrx_word' id='word_1_136' title='bbox 936 2503 1006 2558; x_wconf 89' lang='lat' dir='ltr'>erat</span> <span class='ocrx_word' id='word_1_137' title='bbox 1035 2495 1084 2559; x_wconf 92' lang='lat' dir='ltr'>his</span> <span class='ocrx_word' id='word_1_138' title='bbox 1114 2495 1291 2579; x_wconf 83' lang='lat' dir='ltr'>adiungere</span> 
     </span>
     <span class='ocr_line' id='line_1_17' title="bbox 94 2599 1291 2688; baseline -0.003 -22"><span class='ocrx_word' id='word_1_139' title='bbox 94 2604 221 2668; x_wconf 90' lang='lat' dir='ltr'>donum</span> <span class='ocrx_word' id='word_1_140' title='bbox 262 2602 361 2688; x_wconf 88' lang='lat' dir='ltr'>idque</span> <span class='ocrx_word' id='word_1_141' title='bbox 403 2601 490 2665; x_wconf 89' lang='lat' dir='ltr'>haud</span> <span class='ocrx_word' id='word_1_142' title='bbox 532 2601 767 2686; x_wconf 74' lang='lat' dir='ltr'>penitentium?</span> <span class='ocrx_word' id='word_1_143' title='bbox 823 2599 877 2664; x_wconf 85' lang='lat' dir='ltr'>An</span> <span class='ocrx_word' id='word_1_144' title='bbox 920 2601 1087 2666; x_wconf 87' lang='lat' dir='ltr'>decretum</span> <span class='ocrx_word' id='word_1_145' title='bbox 1124 2601 1183 2665; x_wconf 91' lang='lat' dir='ltr'>tibi</span> <span class='ocrx_word' id='word_1_146' title='bbox 1221 2610 1291 2664; x_wconf 90' lang='lat' dir='ltr'>erat</span> 
     </span>
     <span class='ocr_line' id='line_1_18' title="bbox 48 2705 1294 2791; baseline -0.004 -19"><span class='ocrx_word' id='word_1_147' title='bbox 48 2733 51 2739; x_wconf 82' lang='grc'><strong>’</strong></span> <span class='ocrx_word' id='word_1_148' title='bbox 91 2718 242 2772; x_wconf 91' lang='lat' dir='ltr'>nostram</span> <span class='ocrx_word' id='word_1_149' title='bbox 271 2709 480 2790; x_wconf 81' lang='lat' dir='ltr'>exiguitatem</span> <span class='ocrx_word' id='word_1_150' title='bbox 504 2706 710 2791; x_wconf 80' lang='lat' dir='ltr'>opprimere?</span> <span class='ocrx_word' id='word_1_151' title='bbox 754 2706 840 2769; x_wconf 89' lang='lat' dir='ltr'>Nam</span> <span class='ocrx_word' id='word_1_152' title='bbox 870 2705 977 2770; x_wconf 91' lang='lat' dir='ltr'>idonei</span> <span class='ocrx_word' id='word_1_153' title='bbox 1007 2728 1072 2769; x_wconf 94' lang='lat' dir='ltr'>non</span> <span class='ocrx_word' id='word_1_154' title='bbox 1104 2727 1214 2770; x_wconf 91' lang='lat' dir='ltr'>sumus</span> <span class='ocrx_word' id='word_1_155' title='bbox 1247 2727 1294 2768; x_wconf 92' lang='lat' dir='ltr'>re-</span> 
     </span>
     <span class='ocr_line' id='line_1_19' title="bbox 92 2809 1292 2896; baseline -0.005 -17"><span class='ocrx_word' id='word_1_156' title='bbox 92 2813 253 2879; x_wconf 86' lang='lat' dir='ltr'>ferendae</span> <span class='ocrx_word' id='word_1_157' title='bbox 288 2812 408 2877; x_wconf 88' lang='lat' dir='ltr'>talioni.</span> <span class='ocrx_word' id='word_1_158' title='bbox 453 2812 531 2876; x_wconf 91' lang='lat' dir='ltr'>Plus</span> <span class='ocrx_word' id='word_1_159' title='bbox 566 2813 643 2876; x_wconf 88' lang='lat' dir='ltr'>satis</span> <span class='ocrx_word' id='word_1_160' title='bbox 680 2811 825 2896; x_wconf 84' lang='lat' dir='ltr'>profecto</span> <span class='ocrx_word' id='word_1_161' title='bbox 859 2810 918 2874; x_wconf 90' lang='lat' dir='ltr'>tibi</span> <span class='ocrx_word' id='word_1_162' title='bbox 951 2811 1085 2874; x_wconf 86' lang='lat' dir='ltr'>fuissem</span> <span class='ocrx_word' id='word_1_163' title='bbox 1120 2809 1292 2888; x_wconf 87' lang='lat' dir='ltr'>obnoxius,</span> 
     </span>
     <span class='ocr_line' id='line_1_20' title="bbox 93 2914 1289 3000; baseline -0.003 -20"><span class='ocrx_word' id='word_1_164' title='bbox 93 2920 224 2982; x_wconf 88' lang='lat' dir='ltr'>etiamsi</span> <span class='ocrx_word' id='word_1_165' title='bbox 261 2917 432 2982; x_wconf 87' lang='lat' dir='ltr'>dumtaxat</span> <span class='ocrx_word' id='word_1_166' title='bbox 466 2915 674 2980; x_wconf 84' lang='lat' dir='ltr'>chartaceum</span> <span class='ocrx_word' id='word_1_167' title='bbox 706 2938 823 2980; x_wconf 89' lang='lat' dir='ltr'>munus</span> <span class='ocrx_word' id='word_1_168' title='bbox 857 2917 1067 3000; x_wconf 89' lang='lat' dir='ltr'>accepissem.</span> <span class='ocrx_word' id='word_1_169' title='bbox 1114 2914 1159 2978; x_wconf 81' lang='lat' dir='ltr'>At</span> <span class='ocrx_word' id='word_1_170' title='bbox 1192 2937 1289 2992; x_wconf 89' lang='lat' dir='ltr'>nunc,</span> 
     </span>
     <span class='ocr_line' id='line_1_21' title="bbox 94 3019 1294 3108; baseline -0.005 -20"><span class='ocrx_word' id='word_1_171' title='bbox 94 3045 196 3108; x_wconf 91' lang='lat' dir='ltr'>quum</span> <span class='ocrx_word' id='word_1_172' title='bbox 221 3045 274 3088; x_wconf 92' lang='lat' dir='ltr'>me</span> <span class='ocrx_word' id='word_1_173' title='bbox 298 3024 425 3106; x_wconf 87' lang='lat' dir='ltr'>gemino</span> <span class='ocrx_word' id='word_1_174' title='bbox 448 3023 568 3106; x_wconf 89' lang='lat' dir='ltr'>premis</span> <span class='ocrx_word' id='word_1_175' title='bbox 591 3021 685 3102; x_wconf 90' lang='lat' dir='ltr'>donc,</span> <span class='ocrx_word' id='word_1_176' title='bbox 709 3029 765 3084; x_wconf 87' lang='lat' dir='ltr'>aut</span> <span class='ocrx_word' id='word_1_177' title='bbox 786 3019 866 3083; x_wconf 91' lang='lat' dir='ltr'>nihil</span> <span class='ocrx_word' id='word_1_178' title='bbox 888 3030 944 3084; x_wconf 87' lang='lat' dir='ltr'>aut</span> <span class='ocrx_word' id='word_1_179' title='bbox 966 3042 1081 3107; x_wconf 86' lang='lat' dir='ltr'>parurn</span> <span class='ocrx_word' id='word_1_180' title='bbox 1105 3028 1192 3083; x_wconf 88' lang='lat' dir='ltr'>certe</span> <span class='ocrx_word' id='word_1_181' title='bbox 1215 3020 1294 3083; x_wconf 89' lang='lat' dir='ltr'>mihi</span> 
     </span>
     <span class='ocr_line' id='line_1_22' title="bbox 95 3124 1293 3212; baseline -0.003 -22"><span class='ocrx_word' id='word_1_182' title='bbox 95 3129 249 3192; x_wconf 90' lang='lat' dir='ltr'>relictum</span> <span class='ocrx_word' id='word_1_183' title='bbox 274 3137 323 3191; x_wconf 88' lang='lat' dir='ltr'>est</span> <span class='ocrx_word' id='word_1_184' title='bbox 345 3128 423 3212; x_wconf 91' lang='lat' dir='ltr'>spei.</span> <span class='ocrx_word' id='word_1_185' title='bbox 470 3125 536 3189; x_wconf 84' lang='lat' dir='ltr'>Sed</span> <span class='ocrx_word' id='word_1_186' title='bbox 560 3148 617 3188; x_wconf 88' lang='lat' dir='ltr'>cur</span> <span class='ocrx_word' id='word_1_187' title='bbox 638 3148 691 3189; x_wconf 91' lang='lat' dir='ltr'>me</span> <span class='ocrx_word' id='word_1_188' title='bbox 713 3124 867 3188; x_wconf 79' lang='lat' dir='ltr'>macero?</span> <span class='ocrx_word' id='word_1_189' title='bbox 905 3124 1041 3189; x_wconf 88' lang='lat' dir='ltr'>Amicus</span> <span class='ocrx_word' id='word_1_190' title='bbox 1065 3133 1122 3202; x_wconf 90' lang='lat' dir='ltr'>est,</span> <span class='ocrx_word' id='word_1_191' title='bbox 1148 3125 1202 3208; x_wconf 90' lang='lat' dir='ltr'>qui</span> <span class='ocrx_word' id='word_1_192' title='bbox 1226 3127 1293 3187; x_wconf 91' lang='lat' dir='ltr'>vim</span> 
     </span>
     <span class='ocr_line' id='line_1_23' title="bbox 95 3228 1290 3318; baseline -0.003 -23"><span class='ocrx_word' id='word_1_193' title='bbox 95 3234 175 3297; x_wconf 86' lang='lat' dir='ltr'>facit</span> <span class='ocrx_word' id='word_1_194' title='bbox 199 3243 234 3296; x_wconf 90' lang='lat' dir='ltr'>et</span> <span class='ocrx_word' id='word_1_195' title='bbox 256 3257 276 3296; x_wconf 90' lang='lat' dir='ltr'>a</span> <span class='ocrx_word' id='word_1_196' title='bbox 299 3254 362 3318; x_wconf 89' lang='lat' dir='ltr'>quo</span> <span class='ocrx_word' id='word_1_197' title='bbox 385 3232 472 3295; x_wconf 87' lang='lat' dir='ltr'>vinci</span> <span class='ocrx_word' id='word_1_198' title='bbox 494 3253 558 3294; x_wconf 89' lang='lat' dir='ltr'>non</span> <span class='ocrx_word' id='word_1_199' title='bbox 582 3239 631 3294; x_wconf 92' lang='lat' dir='ltr'>est</span> <span class='ocrx_word' id='word_1_200' title='bbox 652 3252 920 3316; x_wconf 86' lang='lat' dir='ltr'>usquequaquam</span> <span class='ocrx_word' id='word_1_201' title='bbox 942 3230 1140 3294; x_wconf 91' lang='lat' dir='ltr'>indecorum.</span> <span class='ocrx_word' id='word_1_202' title='bbox 1178 3228 1290 3307; x_wconf 89' lang='lat' dir='ltr'>Vides,</span> 
     </span>
    </p>
   </div>
   <div class='ocr_carea' id='block_1_5' title="bbox 85 3332 1407 3428">
    <p class='ocr_par' dir='ltr' id='par_1_7' title="bbox 85 3332 1407 3428">
     <span class='ocr_line' id='line_1_24' title="bbox 85 3332 1407 3428; baseline -0.004 -28"><span class='ocrx_word' id='word_1_203' title='bbox 85 3340 140 3428; x_wconf 88' lang='lat' dir='ltr'>mi</span> <span class='ocrx_word' id='word_1_204' title='bbox 164 3337 293 3415; x_wconf 81' lang='lat' dir='ltr'>Oarole,</span> <span class='ocrx_word' id='word_1_205' title='bbox 319 3359 416 3423; x_wconf 88' lang='lat' dir='ltr'>qnam</span> <span class='ocrx_word' id='word_1_206' title='bbox 439 3357 536 3420; x_wconf 83' lang='lat' dir='ltr'>aegre</span> <span class='ocrx_word' id='word_1_207' title='bbox 559 3336 609 3400; x_wconf 91' lang='lat' dir='ltr'>his</span> <span class='ocrx_word' id='word_1_208' title='bbox 631 3357 683 3399; x_wconf 91' lang='lat' dir='ltr'>me</span> <span class='ocrx_word' id='word_1_209' title='bbox 706 3337 864 3420; x_wconf 84' lang='lat' dir='ltr'>angustiis</span> <span class='ocrx_word' id='word_1_210' title='bbox 887 3334 1016 3398; x_wconf 75' lang='lat' dir='ltr'>eximo?</span> <span class='ocrx_word' id='word_1_211' title='bbox 1050 3332 1096 3397; x_wconf 88' lang='lat' dir='ltr'>At</span> <span class='ocrx_word' id='word_1_212' title='bbox 1119 3333 1289 3397; x_wconf 87' lang='lat' dir='ltr'>ferendum</span> <span class='ocrx_word' id='word_1_213' title='bbox 1404 3397 1407 3402; x_wconf 71' lang='grc'>,</span> 
     </span>
    </p>
   </div>
   <div class='ocr_carea' id='block_1_6' title="bbox 97 3437 1296 4257">
    <p class='ocr_par' dir='ltr' id='par_1_8' title="bbox 97 3437 1296 4257">
     <span class='ocr_line' id='line_1_25' title="bbox 97 3437 1290 3526; baseline -0.003 -22"><span class='ocrx_word' id='word_1_214' title='bbox 97 3453 146 3506; x_wconf 91' lang='lat' dir='ltr'>est</span> <span class='ocrx_word' id='word_1_215' title='bbox 169 3465 237 3506; x_wconf 93' lang='lat' dir='ltr'>non</span> <span class='ocrx_word' id='word_1_216' title='bbox 259 3441 354 3506; x_wconf 90' lang='lat' dir='ltr'>modo</span> <span class='ocrx_word' id='word_1_217' title='bbox 377 3443 546 3526; x_wconf 85' lang='lat' dir='ltr'>patienter,</span> <span class='ocrx_word' id='word_1_218' title='bbox 575 3463 690 3504; x_wconf 83' lang='lat' dir='ltr'>verum</span> <span class='ocrx_word' id='word_1_219' title='bbox 713 3441 809 3504; x_wconf 89' lang='lat' dir='ltr'>etiam</span> <span class='ocrx_word' id='word_1_220' title='bbox 831 3440 984 3517; x_wconf 87' lang='lat' dir='ltr'>hilariter,</span> <span class='ocrx_word' id='word_1_221' title='bbox 1009 3437 1163 3524; x_wconf 90' lang='lat' dir='ltr'>quiequid</span> <span class='ocrx_word' id='word_1_222' title='bbox 1193 3437 1290 3501; x_wconf 89' lang='lat' dir='ltr'>infert</span> 
     </span>
     <span class='ocr_line' id='line_1_26' title="bbox 97 3542 1289 3630; baseline -0.005 -19"><span class='ocrx_word' id='word_1_223' title='bbox 97 3549 258 3624; x_wconf 87' lang='lat' dir='ltr'>amicicia,</span> <span class='ocrx_word' id='word_1_224' title='bbox 283 3546 395 3610; x_wconf 82' lang='lat' dir='ltr'>fateor.</span> <span class='ocrx_word' id='word_1_225' title='bbox 434 3546 568 3610; x_wconf 81' lang='lat' dir='ltr'>Interim</span> <span class='ocrx_word' id='word_1_226' title='bbox 591 3555 700 3608; x_wconf 87' lang='lat' dir='ltr'>tamen</span> <span class='ocrx_word' id='word_1_227' title='bbox 723 3567 863 3630; x_wconf 87' lang='lat' dir='ltr'>aequum</span> <span class='ocrx_word' id='word_1_228' title='bbox 886 3553 943 3621; x_wconf 92' lang='lat' dir='ltr'>est,</span> <span class='ocrx_word' id='word_1_229' title='bbox 967 3554 1003 3608; x_wconf 90' lang='lat' dir='ltr'>ut</span> <span class='ocrx_word' id='word_1_230' title='bbox 1019 3565 1150 3628; x_wconf 88' lang='lat' dir='ltr'>operam</span> <span class='ocrx_word' id='word_1_231' title='bbox 1166 3542 1289 3620; x_wconf 90' lang='lat' dir='ltr'>demus,</span> 
     </span>
     <span class='ocr_line' id='line_1_27' title="bbox 98 3646 1295 3737; baseline -0.003 -24"><span class='ocrx_word' id='word_1_232' title='bbox 98 3674 138 3714; x_wconf 91' lang='lat' dir='ltr'>ne</span> <span class='ocrx_word' id='word_1_233' title='bbox 162 3673 314 3737; x_wconf 87' lang='lat' dir='ltr'>prorsum</span> <span class='ocrx_word' id='word_1_234' title='bbox 337 3649 564 3736; x_wconf 90' lang='lat' dir='ltr'>deprehendar</span> <span class='ocrx_word' id='word_1_235' title='bbox 585 3652 739 3734; x_wconf 83' lang='lat' dir='ltr'>ingratus,</span> <span class='ocrx_word' id='word_1_236' title='bbox 764 3658 800 3713; x_wconf 91' lang='lat' dir='ltr'>ut</span> <span class='ocrx_word' id='word_1_237' title='bbox 822 3651 947 3713; x_wconf 88' lang='lat' dir='ltr'>animus</span> <span class='ocrx_word' id='word_1_238' title='bbox 971 3647 1084 3712; x_wconf 89' lang='lat' dir='ltr'>saltem</span> <span class='ocrx_word' id='word_1_239' title='bbox 1100 3646 1159 3710; x_wconf 90' lang='lat' dir='ltr'>tibi</span> <span class='ocrx_word' id='word_1_240' title='bbox 1181 3646 1295 3732; x_wconf 90' lang='lat' dir='ltr'>probe-</span> 
     </span>
     <span class='ocr_line' id='line_1_28' title="bbox 98 3743 1293 3840; baseline -0.002 -24"><span class='ocrx_word' id='word_1_241' title='bbox 98 3764 159 3833; x_wconf 88' lang='lat' dir='ltr'>tur,</span> <span class='ocrx_word' id='word_1_242' title='bbox 186 3779 248 3820; x_wconf 90' lang='lat' dir='ltr'>eeu</span> <span class='ocrx_word' id='word_1_243' title='bbox 272 3757 323 3820; x_wconf 92' lang='lat' dir='ltr'>cui</span> <span class='ocrx_word' id='word_1_244' title='bbox 342 3755 610 3840; x_wconf 91' lang='lat' dir='ltr'>recompensandi</span> <span class='ocrx_word' id='word_1_245' title='bbox 625 3754 845 3840; x_wconf 91' lang='lat' dir='ltr'>promptitudo</span> <span class='ocrx_word' id='word_1_246' title='bbox 861 3776 926 3817; x_wconf 90' lang='lat' dir='ltr'>non</span> <span class='ocrx_word' id='word_1_247' title='bbox 948 3743 1097 3816; x_wconf 76' lang='lat' dir='ltr'>deluerit.</span> <span class='ocrx_word' id='word_1_248' title='bbox 1127 3751 1178 3814; x_wconf 87' lang='lat' dir='ltr'>Ne</span> <span class='ocrx_word' id='word_1_249' title='bbox 1194 3774 1293 3816; x_wconf 87' lang='lat' dir='ltr'>renue</span> 
     </span>
     <span class='ocr_line' id='line_1_29' title="bbox 98 3857 1294 3945; baseline -0.002 -24"><span class='ocrx_word' id='word_1_250' title='bbox 98 3861 199 3944; x_wconf 83' lang='lat' dir='ltr'>igitur</span> <span class='ocrx_word' id='word_1_251' title='bbox 223 3859 311 3936; x_wconf 89' lang='lat' dir='ltr'>mihi,</span> <span class='ocrx_word' id='word_1_252' title='bbox 336 3859 422 3945; x_wconf 93' lang='lat' dir='ltr'>quod</span> <span class='ocrx_word' id='word_1_253' title='bbox 445 3858 504 3923; x_wconf 88' lang='lat' dir='ltr'>tibi</span> <span class='ocrx_word' id='word_1_254' title='bbox 527 3884 546 3925; x_wconf 88' lang='lat' dir='ltr'>a</span> <span class='ocrx_word' id='word_1_255' title='bbox 568 3881 620 3922; x_wconf 92' lang='lat' dir='ltr'>me</span> <span class='ocrx_word' id='word_1_256' title='bbox 643 3858 741 3923; x_wconf 85' lang='lat' dir='ltr'>tribui</span> <span class='ocrx_word' id='word_1_257' title='bbox 763 3858 941 3944; x_wconf 87' lang='lat' dir='ltr'>postulasti,</span> <span class='ocrx_word' id='word_1_258' title='bbox 965 3858 1026 3921; x_wconf 92' lang='lat' dir='ltr'>hoc</span> <span class='ocrx_word' id='word_1_259' title='bbox 1050 3865 1111 3920; x_wconf 90' lang='lat' dir='ltr'>est:</span> <span class='ocrx_word' id='word_1_260' title='bbox 1141 3857 1294 3920; x_wconf 85' lang='lat' dir='ltr'>affectum</span> 
     </span>
     <span class='ocr_line' id='line_1_30' title="bbox 101 3961 1295 4051; baseline -0.002 -25"><span class='ocrx_word' id='word_1_261' title='bbox 101 3963 209 4028; x_wconf 88' lang='lat' dir='ltr'>dantis</span> <span class='ocrx_word' id='word_1_262' title='bbox 238 3968 354 4051; x_wconf 90' lang='lat' dir='ltr'>potius,</span> <span class='ocrx_word' id='word_1_263' title='bbox 390 3986 486 4049; x_wconf 90' lang='lat' dir='ltr'>quam</span> <span class='ocrx_word' id='word_1_264' title='bbox 516 3966 621 4049; x_wconf 88' lang='lat' dir='ltr'>ipsum</span> <span class='ocrx_word' id='word_1_265' title='bbox 651 3964 772 4027; x_wconf 91' lang='lat' dir='ltr'>donum</span> <span class='ocrx_word' id='word_1_266' title='bbox 803 3962 969 4028; x_wconf 87' lang='lat' dir='ltr'>attendite.</span> <span class='ocrx_word' id='word_1_267' title='bbox 1016 3962 1106 4025; x_wconf 87' lang='lat' dir='ltr'>Bene</span> <span class='ocrx_word' id='word_1_268' title='bbox 1134 3961 1216 4038; x_wconf 88' lang='lat' dir='ltr'>vale,</span> <span class='ocrx_word' id='word_1_269' title='bbox 1251 3964 1295 4025; x_wconf 89' lang='lat' dir='ltr'>mi</span> 
     </span>
     <span class='ocr_line' id='line_1_31' title="bbox 101 4065 1296 4156; baseline -0.003 -23"><span class='ocrx_word' id='word_1_270' title='bbox 101 4068 277 4156; x_wconf 81' lang='lat' dir='ltr'>Suoquete.</span> <span class='ocrx_word' id='word_1_271' title='bbox 322 4070 454 4155; x_wconf 87' lang='lat' dir='ltr'>Raptim</span> <span class='ocrx_word' id='word_1_272' title='bbox 487 4070 569 4133; x_wconf 86' lang='lat' dir='ltr'>festo</span> <span class='ocrx_word' id='word_1_273' title='bbox 602 4068 746 4153; x_wconf 91' lang='lat' dir='ltr'>Philippi</span> <span class='ocrx_word' id='word_1_274' title='bbox 780 4078 812 4131; x_wconf 93' lang='lat' dir='ltr'>et</span> <span class='ocrx_word' id='word_1_275' title='bbox 844 4067 961 4132; x_wconf 87' lang='lat' dir='ltr'>Jacobi</span> <span class='ocrx_word' id='word_1_276' title='bbox 998 4065 1215 4151; x_wconf 89' lang='lat' dir='ltr'>apostolorum</span> <span class='ocrx_word' id='word_1_277' title='bbox 1253 4089 1296 4130; x_wconf 91' lang='lat' dir='ltr'>ex</span> 
     </span>
     <span class='ocr_line' id='line_1_32' title="bbox 101 4170 1293 4257; baseline -0.002 -21"><span class='ocrx_word' id='word_1_278' title='bbox 101 4185 212 4240; x_wconf 87' lang='lat' dir='ltr'>nostra</span> <span class='ocrx_word' id='word_1_279' title='bbox 241 4175 357 4239; x_wconf 87' lang='lat' dir='ltr'>cellula</span> <span class='ocrx_word' id='word_1_280' title='bbox 385 4176 419 4238; x_wconf 93' lang='lat' dir='ltr'>in</span> <span class='ocrx_word' id='word_1_281' title='bbox 448 4174 582 4257; x_wconf 79' lang='lat' dir='ltr'>collegio</span> <span class='ocrx_word' id='word_1_282' title='bbox 611 4175 838 4238; x_wconf 90' lang='lat' dir='ltr'>canonicorum</span> <span class='ocrx_word' id='word_1_283' title='bbox 871 4172 1117 4236; x_wconf 89' lang='lat' dir='ltr'>Martinensium</span> <span class='ocrx_word' id='word_1_284' title='bbox 1131 4183 1133 4190; x_wconf 80' lang='grc'>’</span> <span class='ocrx_word' id='word_1_285' title='bbox 1147 4170 1293 4236; x_wconf 89' lang='lat' dir='ltr'>Louanii.</span> 
     </span>
    </p>
   </div>
   <div class='ocr_carea' id='block_1_7' title="bbox 106 4278 682 4467">
    <p class='ocr_par' dir='ltr' id='par_1_9' title="bbox 106 4278 682 4467">
     <span class='ocr_line' id='line_1_33' title="bbox 106 4278 323 4345; baseline 0.005 -3"><span class='ocrx_word' id='word_1_286' title='bbox 106 4278 203 4345; x_wconf 83' lang='lat' dir='ltr'>Anno</span> <span class='ocrx_word' id='word_1_287' title='bbox 229 4278 323 4344; x_wconf 81' lang='lat'>1525.</span> 
     </span>
     <span class='ocr_line' id='line_1_34' title="bbox 207 4402 682 4467; baseline -0.011 -12"><span class='ocrx_word' id='word_1_288' title='bbox 207 4405 264 4456; x_wconf 87' lang='lat' dir='ltr'>Aus</span> <span class='ocrx_word' id='word_1_289' title='bbox 282 4405 342 4454; x_wconf 91' lang='lat' dir='ltr'>dem</span> <span class='ocrx_word' id='word_1_290' title='bbox 362 4403 425 4454; x_wconf 85' lang='lat' dir='ltr'>Cod.</span> <span class='ocrx_word' id='word_1_291' title='bbox 445 4403 510 4452; x_wconf 89' lang='lat' dir='ltr'>Hor.</span> <span class='ocrx_word' id='word_1_292' title='bbox 529 4402 560 4451; x_wconf 84' lang='lat' dir='ltr'>A.</span> <span class='ocrx_word' id='word_1_293' title='bbox 579 4419 604 4467; x_wconf 91' lang='lat' dir='ltr'>p.</span> <span class='ocrx_word' id='word_1_294' title='bbox 625 4402 682 4450; x_wconf 79' lang='lat'>125.</span> 
     </span>
    </p>
   </div>
   <div class='ocr_carea' id='block_1_8' title="bbox 146 4603 586 4771">
    <p class='ocr_par' dir='ltr' id='par_1_10' title="bbox 146 4603 586 4771">
     <span class='ocr_line' id='line_1_35' title="bbox 148 4603 586 4697; baseline -0.009 -13"><span class='ocrx_word' id='word_1_295' title='bbox 148 4635 156 4666; x_wconf 85' lang='lat'><strong>¹</strong></span> <span class='ocrx_word' id='word_1_296' title='bbox 175 4634 321 4694; x_wconf 81' lang='lat' dir='ltr'>Vielleicht</span> <span class='ocrx_word' id='word_1_297' title='bbox 340 4635 375 4683; x_wconf 90' lang='lat' dir='ltr'>sit</span> <span class='ocrx_word' id='word_1_298' title='bbox 392 4649 425 4682; x_wconf 82' lang='lat' dir='ltr'>zu</span> <span class='ocrx_word' id='word_1_299' title='bbox 444 4603 586 4697; x_wconf 70' lang='lat' dir='ltr'>erganzen.</span> 
     </span>
     <span class='ocr_line' id='line_1_36' title="bbox 146 4720 283 4771; baseline 0.007 -1"><span class='ocrx_word' id='word_1_300' title='bbox 146 4720 156 4754; x_wconf 87' lang='lat'>²</span> <span class='ocrx_word' id='word_1_301' title='bbox 174 4721 283 4771; x_wconf 76' lang='lat' dir='ltr'>solatii?</span> 
     </span>
    </p>
   </div>
   <div class='ocr_carea' id='block_1_9' title="bbox 0 0 1702 5742">
    <p class='ocr_par' dir='ltr' id='par_1_11' title="bbox 0 0 1702 5742">
     <span class='ocr_line' id='line_1_37' title="bbox 0 0 1702 5742; baseline 0 0"><span class='ocrx_word' id='word_1_302' title='bbox 0 0 1702 5742; x_wconf 95' lang='lat' dir='ltr'> </span> 
     </span>
    </p>
   </div>
  </div>
 </body>
</html>
