<?xml version="1.0" encoding="UTF-8"?>
<!DOCTYPE html PUBLIC "-//W3C//DTD XHTML 1.0 Transitional//EN"
    "http://www.w3.org/TR/xhtml1/DTD/xhtml1-transitional.dtd">
<html xmlns="http://www.w3.org/1999/xhtml" xml:lang="en" lang="en">
 <head>
  <title>
</title>
<meta http-equiv="Content-Type" content="text/html;charset=utf-8" />
  <meta name='ocr-system' content='tesseract 3.04.00' />
  <meta name='ocr-capabilities' content='ocr_page ocr_carea ocr_par ocr_line ocrx_word'/>
</head>
<body>
  <div class='ocr_page' id='page_1' title='image "./erasmusvonrotte00lipsgoog_0127.png"; bbox 0 0 3320 5742; ppageno 0'>
   <div class='ocr_carea' id='block_1_1' title="bbox 96 447 1303 520">
    <p class='ocr_par' dir='ltr' id='par_1_1' title="bbox 96 447 1303 520">
     <span class='ocr_line' id='line_1_1' title="bbox 96 447 1303 520; baseline 0.007 -18"><span class='ocrx_word' id='word_1_1' title='bbox 96 447 194 520; x_wconf 78' lang='grc'>[783]</span> <span class='ocrx_word' id='word_1_2' title='bbox 414 460 514 500; x_wconf 77' lang='lat' dir='ltr'>Erasmus</span> <span class='ocrx_word' id='word_1_3' title='bbox 529 471 569 500; x_wconf 81' lang='lat' dir='ltr'>von</span> <span class='ocrx_word' id='word_1_4' title='bbox 585 460 709 500; x_wconf 83' lang='lat' dir='ltr'>Rotterdam</span> <span class='ocrx_word' id='word_1_5' title='bbox 724 461 768 502; x_wconf 88' lang='grc'>1111</span> <span class='ocrx_word' id='word_1_6' title='bbox 782 461 889 502; x_wconf 79' lang='lat' dir='ltr'>liar-tinus</span> <span class='ocrx_word' id='word_1_7' title='bbox 903 461 998 512; x_wconf 79' lang='lat' dir='ltr'><strong>Lipsius.</strong></span> <span class='ocrx_word' id='word_1_8' title='bbox 1245 447 1303 510; x_wconf 70' lang='lat'>121</span> 
     </span>
    </p>
   </div>
   <div class='ocr_carea' id='block_1_2' title="bbox 91 632 1305 4074">
    <p class='ocr_par' dir='ltr' id='par_1_2' title="bbox 91 632 1305 4074">
     <span class='ocr_line' id='line_1_2' title="bbox 95 632 1305 720; baseline 0.006 -25"><span class='ocrx_word' id='word_1_9' title='bbox 95 632 186 698; x_wconf 87' lang='lat' dir='ltr'>fecto</span> <span class='ocrx_word' id='word_1_10' title='bbox 214 636 327 720; x_wconf 88' lang='lat' dir='ltr'>capite</span> <span class='ocrx_word' id='word_1_11' title='bbox 350 635 488 720; x_wconf 90' lang='lat' dir='ltr'>plurima</span> <span class='ocrx_word' id='word_1_12' title='bbox 504 636 718 700; x_wconf 90' lang='lat' dir='ltr'>suboriuntur.</span> <span class='ocrx_word' id='word_1_13' title='bbox 754 638 805 702; x_wconf 90' lang='lat' dir='ltr'>De</span> <span class='ocrx_word' id='word_1_14' title='bbox 821 636 971 703; x_wconf 86' lang='lat' dir='ltr'>Annonio</span> <span class='ocrx_word' id='word_1_15' title='bbox 986 649 1077 703; x_wconf 83' lang='lat' dir='ltr'>tuum</span> <span class='ocrx_word' id='word_1_16' title='bbox 1093 639 1170 704; x_wconf 91' lang='lat' dir='ltr'>mihi</span> <span class='ocrx_word' id='word_1_17' title='bbox 1187 639 1305 703; x_wconf 89' lang='lat' dir='ltr'>sufficit</span> 
     </span>
     <span class='ocr_line' id='line_1_3' title="bbox 95 738 1305 827; baseline 0.004 -26"><span class='ocrx_word' id='word_1_18' title='bbox 95 738 267 802; x_wconf 91' lang='lat' dir='ltr'>iudicium</span> <span class='ocrx_word' id='word_1_19' title='bbox 290 762 351 803; x_wconf 89' lang='lat' dir='ltr'>nec</span> <span class='ocrx_word' id='word_1_20' title='bbox 375 739 463 803; x_wconf 92' lang='lat' dir='ltr'>illum</span> <span class='ocrx_word' id='word_1_21' title='bbox 487 739 607 804; x_wconf 85' lang='lat' dir='ltr'>Saxoni</span> <span class='ocrx_word' id='word_1_22' title='bbox 639 743 761 805; x_wconf 92' lang='lat' dir='ltr'>socium</span> <span class='ocrx_word' id='word_1_23' title='bbox 791 743 958 806; x_wconf 81' lang='lat' dir='ltr'><strong>asciscam.</strong></span> <span class='ocrx_word' id='word_1_24' title='bbox 1004 741 1039 806; x_wconf 89' lang='lat' dir='ltr'>Si</span> <span class='ocrx_word' id='word_1_25' title='bbox 1069 743 1197 827; x_wconf 92' lang='lat' dir='ltr'>quando</span> <span class='ocrx_word' id='word_1_26' title='bbox 1225 743 1305 806; x_wconf 91' lang='lat' dir='ltr'>alius</span> 
     </span>
     <span class='ocr_line' id='line_1_4' title="bbox 95 843 1305 930; baseline 0.004 -25"><span class='ocrx_word' id='word_1_27' title='bbox 95 845 273 928; x_wconf 84' lang='lat' dir='ltr'>quispiam</span> <span class='ocrx_word' id='word_1_28' title='bbox 297 843 423 928; x_wconf 86' lang='lat' dir='ltr'>dignior</span> <span class='ocrx_word' id='word_1_29' title='bbox 446 847 629 922; x_wconf 90' lang='lat' dir='ltr'>occurrerit,</span> <span class='ocrx_word' id='word_1_30' title='bbox 661 855 779 930; x_wconf 88' lang='lat' dir='ltr'>agent</span> <span class='ocrx_word' id='word_1_31' title='bbox 803 848 911 910; x_wconf 89' lang='lat' dir='ltr'>sciam.</span> <span class='ocrx_word' id='word_1_32' title='bbox 957 845 1040 912; x_wconf 83' lang='lat' dir='ltr'>Sunt</span> <span class='ocrx_word' id='word_1_33' title='bbox 1061 847 1155 912; x_wconf 93' lang='lat' dir='ltr'>nobis</span> <span class='ocrx_word' id='word_1_34' title='bbox 1178 847 1305 911; x_wconf 85' lang='lat' dir='ltr'>Erasmi</span> 
     </span>
     <span class='ocr_line' id='line_1_5' title="bbox 94 949 1303 1036; baseline 0.003 -24"><span class='ocrx_word' id='word_1_35' title='bbox 94 949 326 1035; x_wconf 82' lang='lat' dir='ltr'>paraphrases</span> <span class='ocrx_word' id='word_1_36' title='bbox 341 953 374 1013; x_wconf 91' lang='lat' dir='ltr'>in</span> <span class='ocrx_word' id='word_1_37' title='bbox 390 950 540 1036; x_wconf 83' lang='lat' dir='ltr'>epistolas</span> <span class='ocrx_word' id='word_1_38' title='bbox 552 950 645 1014; x_wconf 90' lang='lat' dir='ltr'>Pauli</span> <span class='ocrx_word' id='word_1_39' title='bbox 661 951 702 1014; x_wconf 91' lang='lat' dir='ltr'>ad</span> <span class='ocrx_word' id='word_1_40' title='bbox 719 952 881 1016; x_wconf 86' lang='lat' dir='ltr'>Romanos</span> <span class='ocrx_word' id='word_1_41' title='bbox 897 961 929 1015; x_wconf 90' lang='lat' dir='ltr'>et</span> <span class='ocrx_word' id='word_1_42' title='bbox 945 950 1087 1028; x_wconf 81' lang='lat' dir='ltr'>Galatas,</span> <span class='ocrx_word' id='word_1_43' title='bbox 1105 974 1143 1016; x_wconf 91' lang='lat' dir='ltr'>ea</span> <span class='ocrx_word' id='word_1_44' title='bbox 1158 951 1303 1028; x_wconf 86' lang='lat' dir='ltr'>formula,</span> 
     </span>
     <span class='ocr_line' id='line_1_6' title="bbox 95 1054 1303 1140; baseline 0.002 -23"><span class='ocrx_word' id='word_1_45' title='bbox 95 1077 163 1139; x_wconf 91' lang='lat' dir='ltr'>qua</span> <span class='ocrx_word' id='word_1_46' title='bbox 196 1057 346 1140; x_wconf 91' lang='lat' dir='ltr'>primum</span> <span class='ocrx_word' id='word_1_47' title='bbox 376 1078 396 1118; x_wconf 92' lang='lat' dir='ltr'>a</span> <span class='ocrx_word' id='word_1_48' title='bbox 425 1054 625 1120; x_wconf 83' lang='lat' dir='ltr'>Theodrico&#39;</span> <span class='ocrx_word' id='word_1_49' title='bbox 659 1054 1016 1120; x_wconf 69' lang='grc' dir='ltr'>Μ111111ΑΙο11111112</span> <span class='ocrx_word' id='word_1_50' title='bbox 1047 1065 1122 1120; x_wconf 89' lang='lat' dir='ltr'>sunt</span> <span class='ocrx_word' id='word_1_51' title='bbox 1153 1078 1303 1120; x_wconf 81' lang='lat' dir='ltr'>excusae.</span> 
     </span>
     <span class='ocr_line' id='line_1_7' title="bbox 94 1160 1304 1246; baseline 0.001 -23"><span class='ocrx_word' id='word_1_52' title='bbox 94 1160 235 1236; x_wconf 81' lang='lat' dir='ltr'>Precor,</span> <span class='ocrx_word' id='word_1_53' title='bbox 263 1169 300 1223; x_wconf 91' lang='lat' dir='ltr'>ut</span> <span class='ocrx_word' id='word_1_54' title='bbox 321 1161 440 1245; x_wconf 90' lang='lat' dir='ltr'>inquiri</span> <span class='ocrx_word' id='word_1_55' title='bbox 463 1160 584 1236; x_wconf 89' lang='lat' dir='ltr'>iubeas,</span> <span class='ocrx_word' id='word_1_56' title='bbox 613 1181 691 1223; x_wconf 89' lang='lat' dir='ltr'>num</span> <span class='ocrx_word' id='word_1_57' title='bbox 714 1169 746 1224; x_wconf 92' lang='lat' dir='ltr'>et</span> <span class='ocrx_word' id='word_1_58' title='bbox 768 1160 849 1224; x_wconf 91' lang='lat' dir='ltr'>aliae</span> <span class='ocrx_word' id='word_1_59' title='bbox 872 1162 905 1224; x_wconf 92' lang='lat' dir='ltr'>in</span> <span class='ocrx_word' id='word_1_60' title='bbox 927 1161 1068 1246; x_wconf 88' lang='lat' dir='ltr'>rehquas</span> <span class='ocrx_word' id='word_1_61' title='bbox 1092 1161 1243 1245; x_wconf 85' lang='lat' dir='ltr'>epistolas</span> <span class='ocrx_word' id='word_1_62' title='bbox 1266 1164 1304 1224; x_wconf 91' lang='lat' dir='ltr'>si-</span> 
     </span>
     <span class='ocr_line' id='line_1_8' title="bbox 95 1263 1302 1350; baseline 0 -22"><span class='ocrx_word' id='word_1_63' title='bbox 95 1264 167 1328; x_wconf 87' lang='lat' dir='ltr'>mili</span> <span class='ocrx_word' id='word_1_64' title='bbox 193 1264 308 1328; x_wconf 89' lang='lat' dir='ltr'>forma</span> <span class='ocrx_word' id='word_1_65' title='bbox 330 1266 531 1350; x_wconf 91' lang='lat' dir='ltr'>reperiantur</span> <span class='ocrx_word' id='word_1_66' title='bbox 553 1263 695 1328; x_wconf 87' lang='lat' dir='ltr'>venales.</span> <span class='ocrx_word' id='word_1_67' title='bbox 741 1264 909 1329; x_wconf 86' lang='lat' dir='ltr'>Habemus</span> <span class='ocrx_word' id='word_1_68' title='bbox 932 1265 1064 1350; x_wconf 91' lang='lat' dir='ltr'>quidem</span> <span class='ocrx_word' id='word_1_69' title='bbox 1086 1265 1302 1350; x_wconf 83' lang='lat' dir='ltr'>paraphrases</span> 
     </span>
     <span class='ocr_line' id='line_1_9' title="bbox 95 1369 1303 1455; baseline 0.002 -24"><span class='ocrx_word' id='word_1_70' title='bbox 95 1370 130 1432; x_wconf 89' lang='lat' dir='ltr'>in</span> <span class='ocrx_word' id='word_1_71' title='bbox 162 1391 286 1433; x_wconf 89' lang='lat' dir='ltr'>omnes</span> <span class='ocrx_word' id='word_1_72' title='bbox 317 1369 468 1454; x_wconf 89' lang='lat' dir='ltr'>epistolas</span> <span class='ocrx_word' id='word_1_73' title='bbox 497 1369 686 1433; x_wconf 84' lang='lat' dir='ltr'>minusculis</span> <span class='ocrx_word' id='word_1_74' title='bbox 719 1371 816 1454; x_wconf 90' lang='lat' dir='ltr'>typis,</span> <span class='ocrx_word' id='word_1_75' title='bbox 852 1370 910 1434; x_wconf 89' lang='lat' dir='ltr'>sed</span> <span class='ocrx_word' id='word_1_76' title='bbox 940 1371 967 1433; x_wconf 89' lang='lat' dir='ltr'>si</span> <span class='ocrx_word' id='word_1_77' title='bbox 997 1378 1129 1455; x_wconf 87' lang='lat' dir='ltr'>possent</span> <span class='ocrx_word' id='word_1_78' title='bbox 1160 1379 1191 1434; x_wconf 89' lang='lat' dir='ltr'>et</span> <span class='ocrx_word' id='word_1_79' title='bbox 1221 1369 1303 1433; x_wconf 87' lang='lat' dir='ltr'>aliae</span> 
     </span>
     <span class='ocr_line' id='line_1_10' title="bbox 95 1473 1303 1559; baseline 0.001 -22"><span class='ocrx_word' id='word_1_80' title='bbox 95 1477 255 1554; x_wconf 88' lang='lat' dir='ltr'>maiores,</span> <span class='ocrx_word' id='word_1_81' title='bbox 282 1496 365 1559; x_wconf 90' lang='lat' dir='ltr'>quae</span> <span class='ocrx_word' id='word_1_82' title='bbox 381 1473 474 1538; x_wconf 91' lang='lat' dir='ltr'>nobis</span> <span class='ocrx_word' id='word_1_83' title='bbox 490 1473 606 1538; x_wconf 90' lang='lat' dir='ltr'>desunt</span> <span class='ocrx_word' id='word_1_84' title='bbox 621 1475 766 1550; x_wconf 90' lang='lat' dir='ltr'>inueniri,</span> <span class='ocrx_word' id='word_1_85' title='bbox 791 1474 904 1538; x_wconf 87' lang='lat' dir='ltr'>saltem</span> <span class='ocrx_word' id='word_1_86' title='bbox 920 1474 1057 1559; x_wconf 87' lang='lat' dir='ltr'>aliquae,</span> <span class='ocrx_word' id='word_1_87' title='bbox 1082 1496 1211 1558; x_wconf 87' lang='lat' dir='ltr'>agerem</span> <span class='ocrx_word' id='word_1_88' title='bbox 1228 1495 1303 1538; x_wconf 92' lang='lat' dir='ltr'>cum</span> 
     </span>
     <span class='ocr_line' id='line_1_11' title="bbox 96 1579 1303 1665; baseline 0 -23"><span class='ocrx_word' id='word_1_89' title='bbox 96 1583 209 1664; x_wconf 91' lang='lat' dir='ltr'>priore</span> <span class='ocrx_word' id='word_1_90' title='bbox 234 1589 357 1657; x_wconf 90' lang='lat' dir='ltr'>nostro,</span> <span class='ocrx_word' id='word_1_91' title='bbox 381 1589 417 1644; x_wconf 92' lang='lat' dir='ltr'>ut</span> <span class='ocrx_word' id='word_1_92' title='bbox 439 1602 493 1644; x_wconf 90' lang='lat' dir='ltr'>eas</span> <span class='ocrx_word' id='word_1_93' title='bbox 516 1579 609 1644; x_wconf 88' lang='lat' dir='ltr'>nobis</span> <span class='ocrx_word' id='word_1_94' title='bbox 633 1589 763 1661; x_wconf 89' lang='lat' dir='ltr'>emeret,</span> <span class='ocrx_word' id='word_1_95' title='bbox 787 1589 945 1665; x_wconf 89' lang='lat' dir='ltr'>quatenus</span> <span class='ocrx_word' id='word_1_96' title='bbox 962 1579 1101 1644; x_wconf 89' lang='lat' dir='ltr'>cumbis</span> <span class='ocrx_word' id='word_1_97' title='bbox 1118 1581 1303 1646; x_wconf 88' lang='lat' dir='ltr'>concinnari</span> 
     </span>
     <span class='ocr_line' id='line_1_12' title="bbox 97 1682 1303 1769; baseline -0.002 -21"><span class='ocrx_word' id='word_1_98' title='bbox 97 1694 248 1768; x_wconf 87' lang='lat' dir='ltr'>possent,</span> <span class='ocrx_word' id='word_1_99' title='bbox 283 1706 364 1769; x_wconf 90' lang='lat' dir='ltr'>quas</span> <span class='ocrx_word' id='word_1_100' title='bbox 393 1683 560 1748; x_wconf 90' lang='lat' dir='ltr'>habemus.</span> <span class='ocrx_word' id='word_1_101' title='bbox 607 1682 672 1748; x_wconf 89' lang='lat' dir='ltr'>Sed</span> <span class='ocrx_word' id='word_1_102' title='bbox 695 1685 759 1748; x_wconf 90' lang='lat' dir='ltr'>iam</span> <span class='ocrx_word' id='word_1_103' title='bbox 786 1684 865 1769; x_wconf 91' lang='lat' dir='ltr'>quid</span> <span class='ocrx_word' id='word_1_104' title='bbox 892 1684 1007 1761; x_wconf 92' lang='lat' dir='ltr'>dicam,</span> <span class='ocrx_word' id='word_1_105' title='bbox 1039 1686 1083 1748; x_wconf 91' lang='lat' dir='ltr'>mi</span> <span class='ocrx_word' id='word_1_106' title='bbox 1113 1685 1303 1749; x_wconf 80' lang='lat' dir='ltr'>suauissima</span> 
     </span>
     <span class='ocr_line' id='line_1_13' title="bbox 98 1787 1303 1874; baseline -0.002 -21"><span class='ocrx_word' id='word_1_107' title='bbox 98 1788 274 1854; x_wconf 77' lang='lat' dir='ltr'>Martiae?</span> <span class='ocrx_word' id='word_1_108' title='bbox 309 1787 421 1852; x_wconf 90' lang='lat' dir='ltr'>Habes</span> <span class='ocrx_word' id='word_1_109' title='bbox 444 1788 497 1851; x_wconf 90' lang='lat' dir='ltr'>hic</span> <span class='ocrx_word' id='word_1_110' title='bbox 520 1810 631 1852; x_wconf 90' lang='lat' dir='ltr'>rursus</span> <span class='ocrx_word' id='word_1_111' title='bbox 647 1790 835 1873; x_wconf 89' lang='lat' dir='ltr'>scriptorem</span> <span class='ocrx_word' id='word_1_112' title='bbox 852 1811 928 1853; x_wconf 90' lang='lat' dir='ltr'>vere</span> <span class='ocrx_word' id='word_1_113' title='bbox 944 1789 1146 1874; x_wconf 90' lang='lat' dir='ltr'>praeclarum</span> <span class='ocrx_word' id='word_1_114' title='bbox 1161 1789 1303 1852; x_wconf 90' lang='lat' dir='ltr'>minime-</span> 
     </span>
     <span class='ocr_line' id='line_1_14' title="bbox 100 1892 1303 1978; baseline 0 -22"><span class='ocrx_word' id='word_1_115' title='bbox 100 1915 164 1977; x_wconf 86' lang='lat' dir='ltr'>que</span> <span class='ocrx_word' id='word_1_116' title='bbox 188 1893 385 1970; x_wconf 88' lang='lat' dir='ltr'>laconicum,</span> <span class='ocrx_word' id='word_1_117' title='bbox 410 1893 528 1978; x_wconf 91' lang='lat' dir='ltr'>quippe</span> <span class='ocrx_word' id='word_1_118' title='bbox 552 1892 720 1977; x_wconf 84' lang='lat' dir='ltr'>loquacem</span> <span class='ocrx_word' id='word_1_119' title='bbox 745 1893 838 1957; x_wconf 92' lang='lat' dir='ltr'>simul</span> <span class='ocrx_word' id='word_1_120' title='bbox 861 1902 893 1956; x_wconf 90' lang='lat' dir='ltr'>et</span> <span class='ocrx_word' id='word_1_121' title='bbox 914 1895 1068 1978; x_wconf 92' lang='lat' dir='ltr'>ineptum,</span> <span class='ocrx_word' id='word_1_122' title='bbox 1097 1892 1159 1959; x_wconf 89' lang='lat' dir='ltr'>hoc</span> <span class='ocrx_word' id='word_1_123' title='bbox 1182 1901 1230 1955; x_wconf 88' lang='lat' dir='ltr'>cst</span> <span class='ocrx_word' id='word_1_124' title='bbox 1252 1892 1303 1956; x_wconf 94' lang='lat' dir='ltr'>bis</span> 
     </span>
     <span class='ocr_line' id='line_1_15' title="bbox 99 1996 1303 2083; baseline 0 -23"><span class='ocrx_word' id='word_1_125' title='bbox 99 1996 290 2062; x_wconf 87' lang='lat' dir='ltr'>molestum.</span> <span class='ocrx_word' id='word_1_126' title='bbox 329 1996 548 2082; x_wconf 79' lang='lat' dir='ltr'>Expectabas,</span> <span class='ocrx_word' id='word_1_127' title='bbox 573 1999 693 2082; x_wconf 91' lang='lat' dir='ltr'>opinor,</span> <span class='ocrx_word' id='word_1_128' title='bbox 718 2020 822 2083; x_wconf 89' lang='lat' dir='ltr'>pauca</span> <span class='ocrx_word' id='word_1_129' title='bbox 838 2006 870 2060; x_wconf 90' lang='grc'>11</span> <span class='ocrx_word' id='word_1_130' title='bbox 886 2019 955 2081; x_wconf 89' lang='lat' dir='ltr'>ego,</span> <span class='ocrx_word' id='word_1_131' title='bbox 973 1997 1083 2074; x_wconf 88' lang='lat' dir='ltr'>fateor,</span> <span class='ocrx_word' id='word_1_132' title='bbox 1108 1999 1303 2083; x_wconf 88' lang='lat' dir='ltr'>scripturum</span> 
     </span>
     <span class='ocr_line' id='line_1_16' title="bbox 100 2101 1303 2188; baseline 0 -22"><span class='ocrx_word' id='word_1_133' title='bbox 100 2125 152 2166; x_wconf 92' lang='lat' dir='ltr'>me</span> <span class='ocrx_word' id='word_1_134' title='bbox 169 2125 282 2188; x_wconf 91' lang='lat' dir='ltr'>pauca</span> <span class='ocrx_word' id='word_1_135' title='bbox 298 2124 515 2187; x_wconf 89' lang='lat' dir='ltr'>speraueram.</span> <span class='ocrx_word' id='word_1_136' title='bbox 540 2102 621 2180; x_wconf 85' lang='grc'>8111,</span> <span class='ocrx_word' id='word_1_137' title='bbox 646 2101 725 2187; x_wconf 90' lang='lat' dir='ltr'>quid</span> <span class='ocrx_word' id='word_1_138' title='bbox 745 2123 1002 2179; x_wconf 88' lang='lat' dir='ltr'>commemorem,</span> <span class='ocrx_word' id='word_1_139' title='bbox 1027 2110 1059 2166; x_wconf 88' lang='lat' dir='ltr'>et</span> <span class='ocrx_word' id='word_1_140' title='bbox 1081 2101 1173 2166; x_wconf 88' lang='lat' dir='ltr'>vides</span> <span class='ocrx_word' id='word_1_141' title='bbox 1197 2123 1303 2187; x_wconf 90' lang='lat' dir='ltr'>pauca</span> 
     </span>
     <span class='ocr_line' id='line_1_17' title="bbox 100 2205 1303 2292; baseline -0.001 -23"><span class='ocrx_word' id='word_1_142' title='bbox 100 2206 163 2284; x_wconf 89' lang='lat' dir='ltr'>illa,</span> <span class='ocrx_word' id='word_1_143' title='bbox 190 2209 225 2270; x_wconf 92' lang='lat' dir='ltr'>in</span> <span class='ocrx_word' id='word_1_144' title='bbox 252 2229 351 2292; x_wconf 90' lang='lat' dir='ltr'>quam</span> <span class='ocrx_word' id='word_1_145' title='bbox 373 2206 473 2270; x_wconf 84' lang='lat' dir='ltr'>multa</span> <span class='ocrx_word' id='word_1_146' title='bbox 497 2205 594 2291; x_wconf 85' lang='lat' dir='ltr'>(bene</span> <span class='ocrx_word' id='word_1_147' title='bbox 618 2205 800 2270; x_wconf 83' lang='lat' dir='ltr'>fortunente</span> <span class='ocrx_word' id='word_1_148' title='bbox 824 2205 986 2292; x_wconf 83' lang='lat' dir='ltr'>Minerua)</span> <span class='ocrx_word' id='word_1_149' title='bbox 1009 2207 1203 2270; x_wconf 88' lang='lat' dir='ltr'>transierint.</span> <span class='ocrx_word' id='word_1_150' title='bbox 1227 2206 1303 2270; x_wconf 87' lang='lat' dir='ltr'>For-</span> 
     </span>
     <span class='ocr_line' id='line_1_18' title="bbox 102 2310 1299 2394; baseline -0.003 -19"><span class='ocrx_word' id='word_1_151' title='bbox 102 2321 199 2388; x_wconf 87' lang='lat' dir='ltr'>tasse,</span> <span class='ocrx_word' id='word_1_152' title='bbox 225 2333 269 2376; x_wconf 90' lang='lat' dir='ltr'>ne</span> <span class='ocrx_word' id='word_1_153' title='bbox 287 2311 339 2376; x_wconf 90' lang='lat' dir='ltr'>vel</span> <span class='ocrx_word' id='word_1_154' title='bbox 355 2311 453 2375; x_wconf 92' lang='lat' dir='ltr'>semel</span> <span class='ocrx_word' id='word_1_155' title='bbox 470 2333 575 2394; x_wconf 85' lang='lat' dir='ltr'>nugae</span> <span class='ocrx_word' id='word_1_156' title='bbox 590 2333 682 2376; x_wconf 91' lang='lat' dir='ltr'>meae</span> <span class='ocrx_word' id='word_1_157' title='bbox 698 2310 756 2375; x_wconf 88' lang='lat' dir='ltr'>tibi</span> <span class='ocrx_word' id='word_1_158' title='bbox 777 2310 884 2394; x_wconf 90' lang='lat' dir='ltr'>aliqua</span> <span class='ocrx_word' id='word_1_159' title='bbox 907 2310 1119 2375; x_wconf 89' lang='lat' dir='ltr'>redderentur</span> <span class='ocrx_word' id='word_1_160' title='bbox 1141 2310 1299 2376; x_wconf 89' lang='lat' dir='ltr'>breuitate</span> 
     </span>
     <span class='ocr_line' id='line_1_19' title="bbox 100 2414 1299 2500; baseline 0 -22"><span class='ocrx_word' id='word_1_161' title='bbox 100 2415 341 2481; x_wconf 91' lang='lat' dir='ltr'>tolerabiliores</span> <span class='ocrx_word' id='word_1_162' title='bbox 375 2435 462 2480; x_wconf 63' lang='lat' dir='ltr'>neue*</span> <span class='ocrx_word' id='word_1_163' title='bbox 487 2417 521 2479; x_wconf 93' lang='lat' dir='ltr'>in</span> <span class='ocrx_word' id='word_1_164' title='bbox 551 2417 619 2479; x_wconf 89' lang='lat' dir='ltr'>istis</span> <span class='ocrx_word' id='word_1_165' title='bbox 650 2417 746 2478; x_wconf 88' lang='lat' dir='ltr'>etiam</span> <span class='ocrx_word' id='word_1_166' title='bbox 776 2414 904 2479; x_wconf 88' lang='lat' dir='ltr'>deesset</span> <span class='ocrx_word' id='word_1_167' title='bbox 942 2417 1082 2500; x_wconf 91' lang='lat' dir='ltr'>ineptiae</span> <span class='ocrx_word' id='word_1_168' title='bbox 1112 2414 1299 2500; x_wconf 88' lang='lat' dir='ltr'>loquacitas.</span> 
     </span>
     <span class='ocr_line' id='line_1_20' title="bbox 102 2518 1301 2604; baseline -0.002 -20"><span class='ocrx_word' id='word_1_169' title='bbox 102 2519 212 2600; x_wconf 77' lang='lat' dir='ltr'>Quam</span> <span class='ocrx_word' id='word_1_170' title='bbox 225 2543 307 2585; x_wconf 88' lang='lat' dir='ltr'>vero</span> <span class='ocrx_word' id='word_1_171' title='bbox 319 2522 433 2584; x_wconf 86' lang='lat' dir='ltr'>vitium</span> <span class='ocrx_word' id='word_1_172' title='bbox 447 2529 618 2604; x_wconf 92' lang='lat' dir='ltr'>utrumque</span> <span class='ocrx_word' id='word_1_173' title='bbox 635 2519 712 2584; x_wconf 92' lang='lat' dir='ltr'>mihi</span> <span class='ocrx_word' id='word_1_174' title='bbox 729 2521 770 2582; x_wconf 92' lang='lat' dir='ltr'>sit</span> <span class='ocrx_word' id='word_1_175' title='bbox 785 2518 951 2596; x_wconf 85' lang='lat' dir='ltr'>familiare,</span> <span class='ocrx_word' id='word_1_176' title='bbox 969 2528 1004 2582; x_wconf 90' lang='grc'>11</span> <span class='ocrx_word' id='word_1_177' title='bbox 1018 2521 1083 2583; x_wconf 92' lang='lat' dir='ltr'>iam</span> <span class='ocrx_word' id='word_1_178' title='bbox 1099 2521 1177 2584; x_wconf 88' lang='lat' dir='ltr'>satis</span> <span class='ocrx_word' id='word_1_179' title='bbox 1193 2541 1301 2604; x_wconf 89' lang='lat' dir='ltr'>super-</span> 
     </span>
     <span class='ocr_line' id='line_1_21' title="bbox 101 2623 1298 2712; baseline -0.002 -24"><span class='ocrx_word' id='word_1_180' title='bbox 101 2645 164 2708; x_wconf 92' lang='lat' dir='ltr'>que</span> <span class='ocrx_word' id='word_1_181' title='bbox 189 2626 398 2712; x_wconf 85' lang='lat' dir='ltr'>exploratum</span> <span class='ocrx_word' id='word_1_182' title='bbox 421 2625 533 2691; x_wconf 90' lang='lat' dir='ltr'>habes.</span> <span class='ocrx_word' id='word_1_183' title='bbox 579 2623 703 2709; x_wconf 92' lang='lat' dir='ltr'>Opinor</span> <span class='ocrx_word' id='word_1_184' title='bbox 725 2623 787 2687; x_wconf 88' lang='lat' dir='ltr'>hac</span> <span class='ocrx_word' id='word_1_185' title='bbox 810 2625 844 2686; x_wconf 93' lang='lat' dir='ltr'>in</span> <span class='ocrx_word' id='word_1_186' title='bbox 873 2646 908 2686; x_wconf 90' lang='lat' dir='ltr'>re</span> <span class='ocrx_word' id='word_1_187' title='bbox 932 2624 965 2687; x_wconf 92' lang='lat' dir='ltr'>id</span> <span class='ocrx_word' id='word_1_188' title='bbox 988 2624 1068 2688; x_wconf 89' lang='lat' dir='ltr'>mihi</span> <span class='ocrx_word' id='word_1_189' title='bbox 1094 2647 1156 2689; x_wconf 91' lang='lat' dir='ltr'>usu</span> <span class='ocrx_word' id='word_1_190' title='bbox 1178 2625 1298 2700; x_wconf 90' lang='lat' dir='ltr'>venire,</span> 
     </span>
     <span class='ocr_line' id='line_1_22' title="bbox 101 2728 1299 2815; baseline 0 -23"><span class='ocrx_word' id='word_1_191' title='bbox 101 2730 190 2814; x_wconf 91' lang='lat' dir='ltr'>quod</span> <span class='ocrx_word' id='word_1_192' title='bbox 214 2730 334 2815; x_wconf 86' lang='lat' dir='ltr'>balbis,</span> <span class='ocrx_word' id='word_1_193' title='bbox 360 2732 415 2815; x_wconf 90' lang='lat' dir='ltr'>qui</span> <span class='ocrx_word' id='word_1_194' title='bbox 439 2752 501 2814; x_wconf 95' lang='lat' dir='ltr'>quo</span> <span class='ocrx_word' id='word_1_195' title='bbox 524 2731 645 2794; x_wconf 90' lang='lat' dir='ltr'>maiore</span> <span class='ocrx_word' id='word_1_196' title='bbox 668 2737 803 2815; x_wconf 87' lang='lat' dir='ltr'>possunt</span> <span class='ocrx_word' id='word_1_197' title='bbox 826 2728 936 2792; x_wconf 89' lang='lat' dir='ltr'>labore</span> <span class='ocrx_word' id='word_1_198' title='bbox 961 2728 1062 2792; x_wconf 87' lang='lat' dir='ltr'>verba</span> <span class='ocrx_word' id='word_1_199' title='bbox 1086 2729 1236 2809; x_wconf 86' lang='lat' dir='ltr'>formare,</span> <span class='ocrx_word' id='word_1_200' title='bbox 1261 2750 1299 2792; x_wconf 92' lang='lat' dir='ltr'>eo</span> 
     </span>
     <span class='ocr_line' id='line_1_23' title="bbox 100 2831 1300 2921; baseline -0.002 -23"><span class='ocrx_word' id='word_1_201' title='bbox 100 2834 142 2898; x_wconf 91' lang='lat' dir='ltr'>ad</span> <span class='ocrx_word' id='word_1_202' title='bbox 168 2834 372 2921; x_wconf 90' lang='lat' dir='ltr'>loquendum</span> <span class='ocrx_word' id='word_1_203' title='bbox 395 2835 619 2920; x_wconf 86' lang='lat' dir='ltr'>propensiores</span> <span class='ocrx_word' id='word_1_204' title='bbox 643 2844 717 2898; x_wconf 91' lang='lat' dir='ltr'>sunt</span> <span class='ocrx_word' id='word_1_205' title='bbox 733 2842 764 2897; x_wconf 87' lang='lat' dir='ltr'>et</span> <span class='ocrx_word' id='word_1_206' title='bbox 780 2832 872 2918; x_wconf 91' lang='lat' dir='ltr'>plura</span> <span class='ocrx_word' id='word_1_207' title='bbox 887 2832 948 2897; x_wconf 87' lang='lat' dir='ltr'>fari</span> <span class='ocrx_word' id='word_1_208' title='bbox 964 2835 1115 2916; x_wconf 87' lang='lat' dir='ltr'>gestiunt.</span> <span class='ocrx_word' id='word_1_209' title='bbox 1145 2831 1300 2916; x_wconf 89' lang='lat' dir='ltr'>lgnosces</span> 
     </span>
     <span class='ocr_line' id='line_1_24' title="bbox 99 2937 1297 3026; baseline -0.002 -23"><span class='ocrx_word' id='word_1_210' title='bbox 99 2949 214 3005; x_wconf 88' lang='lat' dir='ltr'>tamen</span> <span class='ocrx_word' id='word_1_211' title='bbox 249 2963 343 3026; x_wconf 90' lang='lat' dir='ltr'>spero</span> <span class='ocrx_word' id='word_1_212' title='bbox 375 2962 432 3026; x_wconf 89' lang='lat' dir='ltr'>pro</span> <span class='ocrx_word' id='word_1_213' title='bbox 462 2949 518 3004; x_wconf 88' lang='lat' dir='ltr'>tua</span> <span class='ocrx_word' id='word_1_214' title='bbox 547 2940 764 3003; x_wconf 88' lang='lat' dir='ltr'>humanitate:</span> <span class='ocrx_word' id='word_1_215' title='bbox 797 2947 829 3002; x_wconf 89' lang='lat' dir='ltr'>et</span> <span class='ocrx_word' id='word_1_216' title='bbox 852 2938 1008 3023; x_wconf 93' lang='lat' dir='ltr'>quicquid</span> <span class='ocrx_word' id='word_1_217' title='bbox 1030 2938 1083 3002; x_wconf 95' lang='lat' dir='ltr'>hic</span> <span class='ocrx_word' id='word_1_218' title='bbox 1106 2937 1216 3002; x_wconf 90' lang='lat' dir='ltr'>delicti</span> <span class='ocrx_word' id='word_1_219' title='bbox 1239 2947 1297 3015; x_wconf 91' lang='lat' dir='ltr'>est,</span> 
     </span>
     <span class='ocr_line' id='line_1_25' title="bbox 98 3036 1298 3121; baseline -0.001 -14"><span class='ocrx_word' id='word_1_220' title='bbox 98 3068 165 3110; x_wconf 93' lang='lat' dir='ltr'>non</span> <span class='ocrx_word' id='word_1_221' title='bbox 188 3047 369 3110; x_wconf 89' lang='lat' dir='ltr'>temeritati</span> <span class='ocrx_word' id='word_1_222' title='bbox 391 3036 646 3121; x_wconf 88' lang='lat' dir='ltr'>asscribendum,</span> <span class='ocrx_word' id='word_1_223' title='bbox 672 3043 730 3108; x_wconf 90' lang='lat' dir='ltr'>sed</span> <span class='ocrx_word' id='word_1_224' title='bbox 753 3065 824 3108; x_wconf 92' lang='lat' dir='ltr'>meo</span> <span class='ocrx_word' id='word_1_225' title='bbox 848 3046 880 3107; x_wconf 90' lang='lat' dir='ltr'>in</span> <span class='ocrx_word' id='word_1_226' title='bbox 904 3053 935 3106; x_wconf 89' lang='lat' dir='ltr'>te</span> <span class='ocrx_word' id='word_1_227' title='bbox 959 3043 1089 3106; x_wconf 90' lang='lat' dir='ltr'>affectui</span> <span class='ocrx_word' id='word_1_228' title='bbox 1110 3052 1143 3105; x_wconf 92' lang='lat' dir='ltr'>et</span> <span class='ocrx_word' id='word_1_229' title='bbox 1158 3042 1298 3107; x_wconf 87' lang='lat' dir='ltr'>fiduciae</span> 
     </span>
     <span class='ocr_line' id='line_1_26' title="bbox 97 3148 1297 3234; baseline -0.001 -22"><span class='ocrx_word' id='word_1_230' title='bbox 97 3151 317 3216; x_wconf 90' lang='lat' dir='ltr'>tribuendum</span> <span class='ocrx_word' id='word_1_231' title='bbox 342 3150 501 3216; x_wconf 89' lang='lat' dir='ltr'>censebis.</span> <span class='ocrx_word' id='word_1_232' title='bbox 548 3150 630 3214; x_wconf 89' lang='lat' dir='ltr'>Vale</span> <span class='ocrx_word' id='word_1_233' title='bbox 653 3171 769 3234; x_wconf 91' lang='lat' dir='ltr'>meque</span> <span class='ocrx_word' id='word_1_234' title='bbox 799 3158 854 3213; x_wconf 92' lang='lat' dir='ltr'>tuo</span> <span class='ocrx_word' id='word_1_235' title='bbox 881 3148 958 3212; x_wconf 92' lang='grc'>11111</span> <span class='ocrx_word' id='word_1_236' title='bbox 987 3148 1155 3231; x_wconf 88' lang='lat' dir='ltr'>indignum</span> <span class='ocrx_word' id='word_1_237' title='bbox 1179 3169 1297 3226; x_wconf 90' lang='lat' dir='ltr'>amore,</span> 
     </span>
     <span class='ocr_line' id='line_1_27' title="bbox 96 3252 1296 3340; baseline -0.002 -22"><span class='ocrx_word' id='word_1_238' title='bbox 96 3265 128 3318; x_wconf 89' lang='lat' dir='ltr'>te</span> <span class='ocrx_word' id='word_1_239' title='bbox 152 3267 272 3321; x_wconf 86' lang='lat' dir='ltr'>tamen</span> <span class='ocrx_word' id='word_1_240' title='bbox 296 3264 458 3320; x_wconf 88' lang='lat' dir='ltr'>amantem</span> <span class='ocrx_word' id='word_1_241' title='bbox 482 3278 522 3318; x_wconf 93' lang='lat' dir='ltr'>ne</span> <span class='ocrx_word' id='word_1_242' title='bbox 546 3256 738 3340; x_wconf 91' lang='lat' dir='ltr'>asperneris.</span> <span class='ocrx_word' id='word_1_243' title='bbox 785 3252 819 3317; x_wconf 84' lang='lat' dir='ltr'>Si</span> <span class='ocrx_word' id='word_1_244' title='bbox 843 3253 973 3317; x_wconf 88' lang='lat' dir='ltr'>esttibi</span> <span class='ocrx_word' id='word_1_245' title='bbox 996 3252 1198 3316; x_wconf 88' lang='lat' dir='ltr'>familiaritas</span> <span class='ocrx_word' id='word_1_246' title='bbox 1223 3273 1296 3316; x_wconf 91' lang='lat' dir='ltr'>cum</span> 
     </span>
     <span class='ocr_line' id='line_1_28' title="bbox 96 3356 1298 3446; baseline -0.002 -23"><span class='ocrx_word' id='word_1_247' title='bbox 96 3360 226 3426; x_wconf 89' lang='lat' dir='ltr'>Ioanne</span> <span class='ocrx_word' id='word_1_248' title='bbox 246 3360 452 3446; x_wconf 68' lang='lat' dir='ltr'>(lampenae-³</span> <span class='ocrx_word' id='word_1_249' title='bbox 474 3367 615 3424; x_wconf 89' lang='lat' dir='ltr'>nostrate</span> <span class='ocrx_word' id='word_1_250' title='bbox 638 3358 801 3436; x_wconf 89' lang='lat' dir='ltr'>Hebraeo,</span> <span class='ocrx_word' id='word_1_251' title='bbox 828 3381 870 3422; x_wconf 87' lang='lat' dir='ltr'>ex</span> <span class='ocrx_word' id='word_1_252' title='bbox 886 3381 937 3422; x_wconf 92' lang='lat' dir='ltr'>me</span> <span class='ocrx_word' id='word_1_253' title='bbox 962 3358 1098 3422; x_wconf 88' lang='lat' dir='ltr'>salutem</span> <span class='ocrx_word' id='word_1_254' title='bbox 1120 3357 1166 3421; x_wconf 92' lang='lat' dir='ltr'>illi</span> <span class='ocrx_word' id='word_1_255' title='bbox 1189 3356 1298 3421; x_wconf 82' lang='lat' dir='ltr'>dicito.</span> 
     </span>
     <span class='ocr_line' id='line_1_29' title="bbox 94 3461 1298 3554; baseline -0.002 -26"><span class='ocrx_word' id='word_1_256' title='bbox 94 3463 131 3528; x_wconf 83' lang='lat' dir='ltr'>Si</span> <span class='ocrx_word' id='word_1_257' title='bbox 157 3467 370 3554; x_wconf 90' lang='lat' dir='ltr'>dispensator</span> <span class='ocrx_word' id='word_1_258' title='bbox 394 3461 520 3550; x_wconf 90' lang='lat' dir='ltr'>collegii</span> <span class='ocrx_word' id='word_1_259' title='bbox 544 3466 771 3529; x_wconf 89' lang='lat' dir='ltr'>canonicorum</span> <span class='ocrx_word' id='word_1_260' title='bbox 797 3467 900 3530; x_wconf 89' lang='lat' dir='ltr'>sancti</span> <span class='ocrx_word' id='word_1_261' title='bbox 915 3463 1078 3528; x_wconf 92' lang='lat' dir='ltr'>Leonardi</span> <span class='ocrx_word' id='word_1_262' title='bbox 1101 3485 1201 3548; x_wconf 89' lang='lat' dir='ltr'>prope</span> <span class='ocrx_word' id='word_1_263' title='bbox 1217 3463 1298 3526; x_wconf 92' lang='lat' dir='ltr'>Leo-</span> 
     </span>
     <span class='ocr_line' id='line_1_30' title="bbox 94 3566 1298 3656; baseline -0.002 -23"><span class='ocrx_word' id='word_1_264' title='bbox 94 3570 192 3636; x_wconf 91' lang='lat' dir='ltr'>dium</span> <span class='ocrx_word' id='word_1_265' title='bbox 218 3572 264 3636; x_wconf 92' lang='lat' dir='ltr'>ad</span> <span class='ocrx_word' id='word_1_266' title='bbox 287 3594 345 3636; x_wconf 88' lang='lat' dir='ltr'>vos</span> <span class='ocrx_word' id='word_1_267' title='bbox 368 3571 542 3656; x_wconf 89' lang='lat' dir='ltr'>ahquando</span> <span class='ocrx_word' id='word_1_268' title='bbox 564 3571 700 3650; x_wconf 89' lang='lat' dir='ltr'>venerit,</span> <span class='ocrx_word' id='word_1_269' title='bbox 725 3591 788 3646; x_wconf 90' lang='lat' dir='ltr'>oro,</span> <span class='ocrx_word' id='word_1_270' title='bbox 820 3578 856 3632; x_wconf 90' lang='lat' dir='ltr'>ut</span> <span class='ocrx_word' id='word_1_271' title='bbox 878 3591 929 3632; x_wconf 91' lang='lat' dir='ltr'>me</span> <span class='ocrx_word' id='word_1_272' title='bbox 953 3568 996 3631; x_wconf 93' lang='lat' dir='ltr'>illi</span> <span class='ocrx_word' id='word_1_273' title='bbox 1026 3566 1232 3632; x_wconf 90' lang='lat' dir='ltr'>commendes</span> <span class='ocrx_word' id='word_1_274' title='bbox 1256 3589 1298 3630; x_wconf 87' lang='lat' dir='ltr'>ex</span> 
     </span>
     <span class='ocr_line' id='line_1_31' title="bbox 92 3672 1297 3760; baseline -0.003 -22"><span class='ocrx_word' id='word_1_275' title='bbox 92 3677 211 3740; x_wconf 90' lang='lat' dir='ltr'>animo</span> <span class='ocrx_word' id='word_1_276' title='bbox 238 3700 278 3741; x_wconf 87' lang='lat' dir='ltr'>ac</span> <span class='ocrx_word' id='word_1_277' title='bbox 302 3676 483 3760; x_wconf 80' lang='lat' dir='ltr'>diligenter.</span> <span class='ocrx_word' id='word_1_278' title='bbox 522 3675 644 3738; x_wconf 88' lang='lat' dir='ltr'>Iterum</span> <span class='ocrx_word' id='word_1_279' title='bbox 668 3683 766 3759; x_wconf 89' lang='lat' dir='ltr'>atque</span> <span class='ocrx_word' id='word_1_280' title='bbox 789 3675 906 3738; x_wconf 90' lang='lat' dir='ltr'>iterum</span> <span class='ocrx_word' id='word_1_281' title='bbox 930 3672 1011 3748; x_wconf 88' lang='lat' dir='ltr'>vale,</span> <span class='ocrx_word' id='word_1_282' title='bbox 1036 3674 1080 3736; x_wconf 88' lang='lat' dir='ltr'>mi</span> <span class='ocrx_word' id='word_1_283' title='bbox 1103 3673 1297 3735; x_wconf 89' lang='lat' dir='ltr'>amicissime</span> 
     </span>
     <span class='ocr_line' id='line_1_32' title="bbox 91 3775 1298 3862; baseline -0.002 -21"><span class='ocrx_word' id='word_1_284' title='bbox 91 3777 257 3844; x_wconf 89' lang='lat' dir='ltr'>Martine.</span> <span class='ocrx_word' id='word_1_285' title='bbox 310 3780 364 3843; x_wconf 82' lang='lat' dir='ltr'>Ex</span> <span class='ocrx_word' id='word_1_286' title='bbox 398 3779 532 3862; x_wconf 89' lang='lat' dir='ltr'>collegio</span> <span class='ocrx_word' id='word_1_287' title='bbox 576 3779 803 3842; x_wconf 90' lang='lat' dir='ltr'>canonicorum</span> <span class='ocrx_word' id='word_1_288' title='bbox 838 3777 962 3841; x_wconf 85' lang='lat' dir='ltr'>Viridis</span> <span class='ocrx_word' id='word_1_289' title='bbox 996 3775 1089 3840; x_wconf 89' lang='lat' dir='ltr'>uallis</span> <span class='ocrx_word' id='word_1_290' title='bbox 1127 3778 1160 3840; x_wconf 92' lang='lat' dir='ltr'>in</span> <span class='ocrx_word' id='word_1_291' title='bbox 1197 3775 1298 3839; x_wconf 91' lang='lat' dir='ltr'>Zonia</span> 
     </span>
     <span class='ocr_line' id='line_1_33' title="bbox 91 3883 497 3969; baseline 0 -23"><span class='ocrx_word' id='word_1_292' title='bbox 91 3884 262 3966; x_wconf 89' lang='lat' dir='ltr'>postridie</span> <span class='ocrx_word' id='word_1_293' title='bbox 285 3883 497 3969; x_wconf 88' lang='lat' dir='ltr'>Epiphaniae.</span> 
     </span>
     <span class='ocr_line' id='line_1_34' title="bbox 206 4009 704 4074; baseline -0.002 -15"><span class='ocrx_word' id='word_1_294' title='bbox 206 4010 267 4059; x_wconf 84' lang='lat' dir='ltr'>Aus</span> <span class='ocrx_word' id='word_1_295' title='bbox 285 4009 344 4060; x_wconf 88' lang='lat' dir='ltr'>dem</span> <span class='ocrx_word' id='word_1_296' title='bbox 364 4009 428 4059; x_wconf 83' lang='lat' dir='ltr'>Ood.</span> <span class='ocrx_word' id='word_1_297' title='bbox 447 4009 512 4059; x_wconf 87' lang='lat' dir='ltr'>Hor.</span> <span class='ocrx_word' id='word_1_298' title='bbox 530 4009 562 4058; x_wconf 84' lang='lat' dir='ltr'>A.</span> <span class='ocrx_word' id='word_1_299' title='bbox 580 4025 606 4074; x_wconf 89' lang='lat' dir='ltr'>p.</span> <span class='ocrx_word' id='word_1_300' title='bbox 627 4010 704 4058; x_wconf 83' lang='grc'>1451.</span> 
     </span>
    </p>
   </div>
   <div class='ocr_carea' id='block_1_3' title="bbox 134 4199 1298 4514">
    <p class='ocr_par' dir='ltr' id='par_1_3' title="bbox 134 4199 895 4268">
     <span class='ocr_line' id='line_1_35' title="bbox 134 4199 895 4268; baseline 0 -18"><span class='ocrx_word' id='word_1_301' title='bbox 134 4201 144 4233; x_wconf 92' lang='lat'><strong>¹</strong></span> <span class='ocrx_word' id='word_1_302' title='bbox 163 4199 423 4268; x_wconf 80' lang='lat' dir='ltr'>Lypsius⁷schreibt</span> <span class='ocrx_word' id='word_1_303' title='bbox 440 4202 516 4266; x_wconf 86' lang='lat' dir='ltr'>epist.</span> <span class='ocrx_word' id='word_1_304' title='bbox 535 4199 687 4250; x_wconf 88' lang='lat' dir='ltr'>LXXXVII</span> <span class='ocrx_word' id='word_1_305' title='bbox 705 4199 895 4250; x_wconf 78' lang='lat' dir='ltr'>Theodoricus.</span> 
     </span>
    </p>

    <p class='ocr_par' dir='ltr' id='par_1_4' title="bbox 136 4285 1298 4514">
     <span class='ocr_line' id='line_1_36' title="bbox 136 4285 1298 4352; baseline -0.003 -15"><span class='ocrx_word' id='word_1_306' title='bbox 136 4286 148 4318; x_wconf 89' lang='lat'>²</span> <span class='ocrx_word' id='word_1_307' title='bbox 169 4287 576 4349; x_wconf 81' lang='lat' dir='ltr'>TheodMartinusAlostensis,</span> <span class='ocrx_word' id='word_1_308' title='bbox 586 4286 785 4348; x_wconf 78' lang='lat' dir='ltr'>Buchdruclzsr,</span> <span class='ocrx_word' id='word_1_309' title='bbox 795 4286 903 4336; x_wconf 86' lang='lat' dir='ltr'>Freund</span> <span class='ocrx_word' id='word_1_310' title='bbox 912 4286 959 4336; x_wconf 89' lang='lat' dir='ltr'>des</span> <span class='ocrx_word' id='word_1_311' title='bbox 964 4286 1024 4338; x_wconf 86' lang='lat' dir='ltr'>Jod.</span> <span class='ocrx_word' id='word_1_312' title='bbox 1030 4285 1138 4352; x_wconf 88' lang='lat' dir='ltr'>Badius,</span> <span class='ocrx_word' id='word_1_313' title='bbox 1148 4286 1182 4336; x_wconf 87' lang='lat' dir='ltr'>cf.</span> <span class='ocrx_word' id='word_1_314' title='bbox 1192 4286 1298 4336; x_wconf 83' lang='lat' dir='ltr'>Erasmi</span> 
     </span>
     <span class='ocr_line' id='line_1_37' title="bbox 169 4372 1295 4442; baseline -0.006 -15"><span class='ocrx_word' id='word_1_315' title='bbox 169 4375 266 4442; x_wconf 85' lang='lat' dir='ltr'>Opera</span> <span class='ocrx_word' id='word_1_316' title='bbox 284 4377 331 4427; x_wconf 89' lang='lat' dir='ltr'>Ill.</span> <span class='ocrx_word' id='word_1_317' title='bbox 350 4378 400 4425; x_wconf 75' lang='grc'>515</span> <span class='ocrx_word' id='word_1_318' title='bbox 410 4377 441 4424; x_wconf 86' lang='lat' dir='ltr'>F.</span> <span class='ocrx_word' id='word_1_319' title='bbox 460 4374 552 4424; x_wconf 74' lang='grc'>5261.</span> <span class='ocrx_word' id='word_1_320' title='bbox 572 4374 661 4424; x_wconf 77' lang='grc'>19011.</span> <span class='ocrx_word' id='word_1_321' title='bbox 683 4375 747 4423; x_wconf 85' lang='grc'>1561</span> <span class='ocrx_word' id='word_1_322' title='bbox 759 4374 792 4422; x_wconf 90' lang='grc' dir='ltr'>Ι).</span> <span class='ocrx_word' id='word_1_323' title='bbox 813 4372 897 4423; x_wconf 88' lang='lat' dir='ltr'>Sollte</span> <span class='ocrx_word' id='word_1_324' title='bbox 915 4373 988 4423; x_wconf 89' lang='lat' dir='ltr'>disse</span> <span class='ocrx_word' id='word_1_325' title='bbox 1000 4373 1123 4438; x_wconf 86' lang='lat' dir='ltr'>Ausgabe</span> <span class='ocrx_word' id='word_1_326' title='bbox 1142 4372 1295 4423; x_wconf 82' lang='grc'>1111111511</span> 
     </span>
     <span class='ocr_line' id='line_1_38' title="bbox 169 4465 427 4514; baseline 0 -2"><span class='ocrx_word' id='word_1_327' title='bbox 169 4465 333 4514; x_wconf 89' lang='lat' dir='ltr'>erschienen</span> <span class='ocrx_word' id='word_1_328' title='bbox 352 4465 427 4513; x_wconf 82' lang='lat' dir='ltr'>scin?</span> 
     </span>
    </p>
   </div>
   <div class='ocr_carea' id='block_1_4' title="bbox 140 4548 1296 4703">
    <p class='ocr_par' dir='ltr' id='par_1_5' title="bbox 140 4548 1296 4703">
     <span class='ocr_line' id='line_1_39' title="bbox 140 4548 1296 4618; baseline -0.005 -18"><span class='ocrx_word' id='word_1_329' title='bbox 140 4549 152 4582; x_wconf 84' lang='lat'>³</span> <span class='ocrx_word' id='word_1_330' title='bbox 171 4550 317 4601; x_wconf 83' lang='lat' dir='ltr'>Johannes</span> <span class='ocrx_word' id='word_1_331' title='bbox 330 4565 383 4600; x_wconf 89' lang='lat' dir='ltr'>van</span> <span class='ocrx_word' id='word_1_332' title='bbox 396 4550 447 4600; x_wconf 86' lang='lat' dir='ltr'>den</span> <span class='ocrx_word' id='word_1_333' title='bbox 461 4551 588 4618; x_wconf 85' lang='lat' dir='ltr'>Campen,</span> <span class='ocrx_word' id='word_1_334' title='bbox 607 4550 744 4599; x_wconf 85' lang='lat' dir='ltr'>Professor</span> <span class='ocrx_word' id='word_1_335' title='bbox 762 4549 809 4598; x_wconf 88' lang='lat' dir='ltr'>der</span> <span class='ocrx_word' id='word_1_336' title='bbox 829 4548 1002 4599; x_wconf 86' lang='lat' dir='ltr'>hebr&#39;a&#39;ischen</span> <span class='ocrx_word' id='word_1_337' title='bbox 1017 4548 1134 4613; x_wconf 84' lang='lat' dir='ltr'>Sprache</span> <span class='ocrx_word' id='word_1_338' title='bbox 1151 4549 1179 4597; x_wconf 91' lang='lat' dir='ltr'>in</span> <span class='ocrx_word' id='word_1_339' title='bbox 1196 4548 1296 4597; x_wconf 80' lang='lat' dir='ltr'>Lttwen</span> 
     </span>
     <span class='ocr_line' id='line_1_40' title="bbox 172 4634 1243 4703; baseline -0.013 -6"><span class='ocrx_word' id='word_1_340' title='bbox 172 4655 232 4688; x_wconf 81' lang='lat' dir='ltr'>von</span> <span class='ocrx_word' id='word_1_341' title='bbox 252 4639 433 4703; x_wconf 76' lang='lat'>1520-15313</span> <span class='ocrx_word' id='word_1_342' title='bbox 452 4642 486 4694; x_wconf 87' lang='lat' dir='ltr'>cf.</span> <span class='ocrx_word' id='word_1_343' title='bbox 505 4639 589 4701; x_wconf 77' lang='lat' dir='ltr'>Nbve,</span> <span class='ocrx_word' id='word_1_344' title='bbox 609 4637 675 4687; x_wconf 84' lang='lat' dir='ltr'>Coll.</span> <span class='ocrx_word' id='word_1_345' title='bbox 695 4636 747 4686; x_wconf 87' lang='lat' dir='ltr'>tril.</span> <span class='ocrx_word' id='word_1_346' title='bbox 767 4637 912 4700; x_wconf 76' lang='lat' dir='ltr'>aaa-238,</span> <span class='ocrx_word' id='word_1_347' title='bbox 932 4634 1243 4697; x_wconf 80' lang='grc'>138-144,314-318.</span> 
     </span>
    </p>
   </div>
   <div class='ocr_carea' id='block_1_5' title="bbox 0 0 1664 5742">
    <p class='ocr_par' dir='ltr' id='par_1_6' title="bbox 0 0 1664 5742">
     <span class='ocr_line' id='line_1_41' title="bbox 0 0 1664 5742; baseline 0 0"><span class='ocrx_word' id='word_1_348' title='bbox 0 0 1664 5742; x_wconf 95' lang='lat' dir='ltr'> </span> 
     </span>
    </p>
   </div>
  </div>
 </body>
</html>
