3320 5742
367 530 428 594 132
459 584 471 628 t
793 527 795 532 ’
884 543 1032 584 uorum.
1192 598 1196 606 Ι
1460 530 1551 604 [794]

365 724 643 788 conuersationem
665 723 727 807 piis
749 719 911 807 precibus⁷
943 720 1030 784 domi
1052 720 1094 784 ad
1117 720 1218 806 pedes
1248 719 1351 786 IESV
1373 720 1552 784 residentes

365 849 573 915 compensare
605 826 799 904 studeamus,
830 835 985 890 vacantes
1016 835 1048 889 et
1070 825 1229 908 videntes,
1261 826 1348 910 quod
1371 828 1480 890 suauis
1504 837 1553 890 est

365 919 515 1000 dominus
535 933 631 995 rectis
655 930 752 996 corde
776 932 877 1008 eliis,
902 932 956 1015 qui
979 953 1054 994 cum
1077 931 1280 1015 simplicitate
1302 930 1552 1015 perambulant¹

364 1041 451 1102 viam
473 1037 697 1102 mandatorum
720 1037 797 1100 eius.
843 1034 1106 1120 Contemplemur
1129 1035 1268 1120 denique
1290 1037 1424 1100 nimiam
1453 1037 1553 1121 ipsius

364 1147 397 1208 in
430 1166 488 1208 nos
522 1143 736 1218 dilectionem,
771 1141 1034 1222 misericordiam,
1068 1142 1257 1225 patientiam
1290 1150 1324 1204 et
1356 1141 1420 1204 alia
1453 1143 1552 1227 ipsius

364 1250 532 1326 beneficia,
569 1247 804 1334 spirituahter,²
833 1268 872 1310 ac
902 1245 1111 1331 corporaliter
1140 1245 1233 1309 nobis
1264 1245 1379 1310 collata
1409 1255 1443 1310 et
1472 1250 1553 1331 grati

365 1377 435 1418 esse
469 1355 609 1418 nitamur
639 1374 678 1416 ac
708 1373 767 1436 pro
794 1360 904 1416 nostra
933 1350 1018 1414 uirili
1047 1352 1081 1414 in
1111 1351 1180 1414 eius
1208 1372 1316 1416 amore
1339 1353 1472 1415 intentis
1502 1353 1554 1416 de-

365 1460 502 1545 syderiis
533 1460 566 1521 in
596 1457 665 1521 dies
697 1456 839 1540 singulos
870 1478 1075 1520 succrescere
1106 1478 1267 1534 conemur,
1299 1457 1404 1520 donec
1427 1457 1470 1520 ad
1493 1457 1554 1520 cla-

364 1587 433 1628 ram
456 1563 701 1645 absolutamque
724 1561 844 1645 gloriae
868 1583 944 1628 suae
967 1560 1271 1645 contemplationem
1286 1561 1471 1645 pertingere
1491 1583 1554 1624 me-

364 1690 501 1732 reamur.
547 1666 622 1730 Tibi
651 1674 769 1743 tamen,
806 1667 860 1751 qui
893 1664 1078 1750 neophytus
1112 1686 1155 1740 es,
1190 1664 1334 1728 nondum
1368 1667 1402 1728 in
1434 1668 1553 1729 virtute

364 1774 499 1837 firmiter
529 1771 751 1836 corroboratus
782 1769 957 1856 (frequenti
987 1771 1073 1832 enim
1104 1771 1289 1834 tentationis
1318 1771 1462 1856 impulsu
1484 1774 1551 1847 etsi,

363 1887 400 1941 ut
437 1876 576 1953 conlido,
615 1897 680 1939 non
717 1877 846 1960 penitus
879 1875 921 1939 ab
955 1883 1085 1960 arrepto
1119 1875 1218 1938 semel
1251 1877 1414 1961 proposito
1429 1909 1430 1912 ¹
1448 1876 1553 1956 auelli,

363 1991 482 2058 tamen,
511 1990 546 2044 ut
574 2002 696 2058 vereor,
729 1982 853 2064 agitari,
885 1982 1008 2046 moueri
1032 2003 1089 2044 seu
1119 1981 1319 2046 circumferri
1341 1981 1448 2068 potes)
1482 2004 1552 2047 con-

365 2087 527 2150 solationis
557 2086 640 2149 lacte
671 2108 751 2172 opus
781 2095 839 2166 est,
870 2108 934 2150 non
965 2085 1067 2149 solido
1096 2085 1315 2170 perfectorum
1339 2086 1421 2150 cibo.
1469 2085 1553 2166 Qua-

363 2201 505 2279 propter,
540 2193 584 2254 mi
617 2212 717 2276 nepos
752 2192 979 2268 amantissime,
1015 2200 1047 2254 te
1082 2190 1244 2268 adhortor,
1283 2193 1323 2254 sit
1357 2201 1467 2254 castus
1502 2191 1554 2254 dei

364 2299 459 2361 timor
483 2304 590 2360 custos
612 2304 686 2358 tuus
710 2317 847 2380 semper.
893 2295 926 2358 Is
950 2297 1035 2359 enim
1057 2304 1139 2359 teste
1163 2298 1325 2380 scriptura
1347 2296 1482 2360 retrahit
1511 2297 1552 2362 ab

365 2403 451 2466 omni
474 2400 558 2463 malo
582 2409 614 2462 et
637 2400 806 2463 extimulat
832 2400 875 2464 ad
905 2402 1038 2485 quaeuis
1069 2400 1212 2465 honesta.
1260 2401 1426 2487 Quicquid
1456 2404 1554 2486 igitur

365 2507 527 2592 agendum
558 2507 742 2581 occurrerit,
775 2528 848 2568 cum
879 2507 1080 2590 superiorum
1114 2514 1145 2568 et
1178 2507 1397 2571 institutorum
1427 2515 1554 2572 tuorum

366 2609 498 2677 oonsilio
522 2633 561 2674 ac
584 2611 803 2674 moderamine
825 2611 935 2688 facias,
959 2633 1001 2675 ne
1023 2633 1182 2696 nusquam
1205 2633 1269 2675 non
1293 2634 1421 2697 sparsos
1446 2613 1554 2677 callidi

365 2718 465 2782 hostis
488 2717 620 2801 laqueos
643 2718 792 2780 incautus
814 2716 948 2781 incidas.
987 2717 1075 2780 Nihil
1097 2719 1158 2780 nisi
1182 2717 1320 2782 salutem
1343 2727 1375 2781 et
1398 2741 1445 2795 ea,
1471 2741 1553 2804 quae

365 2823 408 2887 ad
443 2823 579 2886 salutem
614 2822 807 2898 conducunt,
846 2823 979 2900 ambias,
1018 2832 1190 2907 parentum
1224 2844 1375 2899 amorem,
1411 2827 1552 2907 patriae:

364 2949 473 2991 rerum
503 2926 689 3004 labentium,
721 2926 904 2990 illicitarum
934 2950 973 2990 ac
1002 2927 1239 2991 mundanarum
1268 2928 1507 2992 oblectamenta
1536 2951 1553 2990 e

367 3031 472 3097 cordis
495 3030 620 3095 hortulo
644 3031 788 3094 funditus
810 3031 921 3108 euelle‚
946 3041 981 3095 ut
1003 3034 1119 3096 mentis
1142 3035 1246 3096 aciem
1268 3034 1311 3097 ad
1334 3034 1433 3097 deum
1455 3033 1554 3098 libere

367 3136 584 3222 expediteque
608 3136 746 3219 dirigere
770 3136 890 3199 valeas.
914 3137 999 3199 Nam
1022 3146 1279 3221 praememorata
1302 3140 1361 3201 etsi
1386 3161 1554 3225 sempera

366 3243 419 3307 dei
434 3242 612 3315 ,dilectione
635 3240 798 3304 hominem
820 3264 886 3306 non
901 3251 1061 3326 separent,
1085 3244 1184 3305 animi
1199 3250 1307 3306 tamen
1324 3247 1553 3328 synceritatem

365 3349 500 3426 viciant,
545 3368 586 3409 ne
624 3345 783 3409 indiuulse
820 3346 866 3410 illi
903 3346 1152 3429 adhaereamus,
1190 3371 1229 3410 ac
1267 3349 1435 3414 Bernardo
1473 3359 1552 3413 teste

366 3461 507 3516 mentem
530 3451 689 3515 offuscant
712 3461 743 3515 et
759 3451 951 3534 obtundunt,
974 3474 1016 3515 ne
1031 3461 1099 3516 tota
1114 3455 1146 3517 in
1163 3453 1259 3517 deum
1275 3454 1407 3518 feratur.
1432 3457 1553 3520 Verum

366 3564 441 3620 ante
457 3558 564 3620 omnia
580 3555 847 3642 supplantandae,
864 3557 1074 3641 perimendae
1090 3580 1129 3621 ac
1144 3581 1275 3643 prorsus
1287 3561 1552 3625 exterminandae

366 3661 522 3726 voluntati
545 3663 694 3746 propriae
717 3663 855 3738 insistas,
881 3663 956 3747 quia
978 3663 1011 3725 in
1034 3664 1105 3748 ipsa
1127 3665 1215 3727 uirus
1238 3663 1400 3730 letiferum
1424 3689 1464 3730 ac
1487 3689 1552 3750 per-

367 3767 444 3845 ditio
474 3767 553 3830 latet
583 3769 720 3830 animae.
766 3767 932 3831 Praelatos
962 3790 1001 3831 ac
1033 3769 1173 3831 seniores
1206 3779 1395 3833 reuerenter
1429 3770 1551 3855 diligas,

364 3875 507 3957 ipsorum
540 3873 669 3935 monitis
703 3872 917 3956 obtemperes,
952 3872 1054 3936 hteris
1089 3874 1190 3936 sacris
1228 3873 1356 3938 assidue
1395 3876 1550 3939 intendas.

366 3976 638 4061 Impugnaiitibus
668 3977 760 4039 viciis
791 3975 942 4040 reluctari
972 3977 1088 4058 discas,
1120 3978 1230 4062 probis
1261 3979 1404 4044 moribus
1435 3981 1550 4065 pollere

365 4103 543 4158 assuescas,
568 4081 716 4145 omnibus
740 4083 895 4145 virtutum
919 4081 1086 4167 exemplar
1108 4091 1140 4145 te
1167 4085 1273 4168 ipsum
1297 4084 1463 4150 exhibeas,
1509 4087 1547 4149 Et

368 4185 454 4272 quod
477 4196 593 4250 natura
615 4208 675 4271 per
698 4209 732 4250 se
755 4188 860 4250 minus
883 4186 979 4267 valet,
1010 4187 1044 4250 id
1067 4209 1126 4274 per
1148 4210 1263 4273 preces
1286 4189 1420 4254 deuotas
1446 4201 1479 4254 et
1500 4189 1551 4254 fla·

366 4291 537 4376 grantibus
560 4292 657 4355 animi
681 4293 762 4354 votis
786 4315 806 4355 a
829 4291 889 4355 deo
912 4313 1037 4376 poscas.
1062 4291 1113 4356 Sis
1135 4293 1213 4356 nulli
1236 4293 1443 4379 peculiariter
1466 4296 1550 4359 fami-

365 4396 461 4473 liaris,
502 4397 576 4481 quia
610 4397 808 4462 familiaritas
841 4397 941 4460 nimia
976 4419 1040 4461 non
1073 4399 1168 4462 modo
1202 4400 1286 4484 parit
1324 4410 1549 4486 contemptum,

408 4643 415 4676 ¹
436 4641 610 4708 perambulat.

408 4729 486 4779 ²Die
505 4730 552 4778 Hs,
571 4729 618 4779 hat
635 4729 802 4780 irrthilmlich
821 4731 941 4780 zweimal
960 4731 1140 4796 corporaliter.
