3372 5768
893 537 1045 603 'Horawita

865 737 945 790 Aliud
963 739 1080 792 eiusdem.

636 914 697 964 Non
715 915 801 979 potnit
820 916 960 980 quisquam
979 916 1108 964 ruituram
1127 920 1249 967 auertere
1267 921 1390 980 mortem,

637 1002 708 1064 Quin
726 1001 776 1050 sibi
794 1001 867 1051 iure¹
885 1006 991 1067 raperet
1008 1017 1183 1069 quaecunque
1200 1009 1298 1054 creata.

636 1087 758 1138 Crudelis
775 1089 895 1150 nimium,
913 1089 1025 1139 nimium
1044 1092 1186 1140 temeraria
1203 1091 1278 1141 nullo

636 1176 751 1226 Delectu
769 1177 863 1226 miscet
881 1176 969 1227 obitus
986 1189 1037 1227 nec
1055 1181 1125 1228 sorte
1143 1180 1262 1244 reponit,

635 1263 692 1312 Imo
711 1262 778 1312 adeo
797 1279 910 1328 quorum
929 1265 1014 1314 virtus
1032 1266 1159 1316 meruisse
1177 1265 1284 1316 videtur

636 1352 798 1416 Perpetuum
816 1351 889 1400 vitae
907 1366 1011 1414 munus,
1029 1352 1140 1417 inopina
1157 1352 1284 1402 rescindit

634 1437 759 1502 Improba
776 1452 826 1487 nec
845 1437 932 1487 differt
950 1453 1089 1503 quaerens,
1108 1454 1144 1488 an
1162 1437 1269 1504 publica
1287 1440 1379 1489 mundi

636 1518 734 1575 Posc'at
752 1525 939 1576 commoditas:
958 1527 1022 1576 satis
1040 1529 1081 1576 est
1099 1525 1230 1592 placuisse
1248 1531 1397 1592 proteruae.

637 1613 752 1678 Lypsius
771 1627 806 1662 en
823 1612 936 1662 Iodoous
954 1627 1012 1678 ego,
1031 1614 1078 1678 qui
1094 1615 1155 1662 iura
1172 1611 1305 1678 fidemque

636 1699 796 1751 Constanter
813 1699 893 1764 colui,
911 1699 973 1750 fatis
991 1699 1173 1766 deprehendor
1191 1701 1298 1766 iniquis.

637 1786 746 1838 Summe
763 1787 837 1850 deus,
855 1788 957 1838 meritis
974 1788 1020 1853 qui
1037 1803 1142 1854 semper
1159 1787 1248 1854 digna,
1258 1787 1381 1853 rependis

636 1876 767 1938 Praemia,
786 1874 821 1926 da
838 1875 994 1942 fontemque
1011 1875 1075 1925 boni
1094 1889 1255 1941 superosque
1272 1879 1392 1940 penates.

676 2047 756 2100 Aliud
773 2052 801 2099 iu
818 2048 924 2100 eaodem
942 2047 1052 2099 Alardi²
1070 2047 1271 2100 Ametelredomi.

585 2206 613 2257 Si
631 2209 723 2273 pietas,
742 2209 764 2257 si
783 2206 931 2270 consilium,
950 2208 972 2257 si
990 2222 1065 2258 mens
1083 2207 1134 2258 sibi
1151 2209 1259 2258 conscia
1277 2210 1351 2270 recti,

637 2293 665 2345 Si
683 2294 808 2360 probitas,
826 2295 918 2358 virtus,
935 2295 1075 2360 integritas
1093 2300 1121 2345 et
1139 2310 1211 2360 opes,

584 2381 695 2447 Singula
712 2383 735 2432 si
752 2386 867 2447 possent,
886 2383 908 2431 si
927 2385 1034 2448 possent
1052 2383 1141 2432 omnia
1159 2383 1271 2432 iunctim

636 2469 770 2535 Rumpere
788 2467 858 2533 quod
877 2469 962 2518 cuiuis
980 2485 1050 2518 mors
1068 2470 1147 2519 struit
1165 2471 1286 2519 exitium:

585 2557 700 2607 Nectum
718 2558 851 2622 rupissent
869 2556 926 2616 tibi,
945 2558 1035 2622 Lypsi,
1054 2559 1169 2606 stamina
1187 2557 1288 2607 Parcae

636 2643 826 2709 Lanificaeque
844 2643 910 2694 deae
929 2643 1057 2711 salusque
1075 2645 1132 2694 vita
1149 2644 1225 2694 foret.

584 2733 633 2782 Ast
650 2749 711 2782 eum
729 2731 835 2782 mortali
853 2733 889 2782 sis
907 2731 1060 2782 conditione
1079 2737 1184 2782 creatus

636 2820 676 2869 Te
694 2820 748 2869 fem
766 2835 836 2870 mors
854 2821 956 2882 strauit,
976 2821 1068 2880 sternit
1086 2823 1116 2869 ut
1134 2835 1212 2870 omne
1230 2820 1322 2886 ge‘nus.

585 2908 670 2969 Quam
689 2908 761 2972 prius
779 2921 812 2956 ex
830 2921 859 2957 se
877 2910 948 2956 terra
966 2906 1039 2956 dedit
1057 2922 1127 2970 caro,
1146 2906 1249 2956 reddita
1266 2912 1353 2957 terrae
1369 2912 1412 2970 est

636 2993 672 3042 Et
689 2991 758 3043 redit
776 2995 804 3043 in
823 2994 948 3055 cinerem,
967 3008 1036 3058 quae
1054 2993 1106 3042 fuit
1123 2996 1186 3043 ante
1204 2995 1279 3042 cinis.

583 3080 705 3130 Aetheris
723 3081 850 3146 indigena
868 3082 1023 3146 superisque
1041 3081 1175 3147 profectus
1193 3080 1227 3129 ab
1246 3082 1297 3130 oris

635 3166 756 3233 Spiritus,
775 3166 927 3218 aetheream
945 3167 1016 3217 latus
1034 3167 1068 3217 ad
1086 3182 1171 3233 usqne
1189 3167 1297 3218 domum
1316 3172 1364 3217 est.

481 3273 536 3323 Aus
553 3273 614 3324 dem
633 3272 696 3322 Ood.
716 3273 780 3323 Hor.
799 3272 830 3322 A.
850 3289 875 3338 p.
895 3273 928 3322 57
941 3271 968 3324 ff.

932 3498 1010 3563 XX.

732 3701 886 3769 Lypsius
910 3701 978 3758 Suo
1002 3700 1155 3758 (terendo
1179 3702 1210 3757 S.

482 3886 669 3952 Oblectauit
691 3888 807 3951 mirum
830 3888 862 3949 in
885 3886 1017 3951 modum
1039 3888 1181 3951 animum
1211 3910 1319 3953 meum
1342 3889 1476 3974 epistola
1499 3898 1568 3966 tua,

377 3992 461 4056 bene
495 3992 626 4077 quidem
658 3991 762 4075 longa,
798 3991 875 4055 mihi
909 4001 1017 4055 tamen
1050 3992 1168 4056 breuis.
1214 3993 1336 4056 Verum
1368 3992 1493 4058 civilior
1519 4015 1567 4071 es,

378 4118 474 4182 quam
504 4097 610 4168 velim.
655 4097 816 4173 Nondum,
847 4097 891 4159 mi
922 4094 1077 4175 Gerarde,
1109 4106 1237 4183 tempus
1267 4107 1316 4160 est
1345 4096 1570 4183 applaudendi

378 4201 497 4288 (neque
519 4201 553 4265 id
575 4225 595 4266 a
618 4211 649 4264 te
672 4198 848 4286 requisiui),
873 4200 930 4265 sed
954 4203 1168 4280 examinandi,
1193 4203 1251 4266 sed
1274 4201 1482 4281 diiudicandi,
1507 4203 1569 4266 sed

421 4394 429 4427 ¹
448 4410 495 4444 suo
514 4393 688 4460 ausgefallen.

419 4481 560 4531 ²Alardns
586 4496 635 4531 aus
656 4480 823 4531 Amsterdam
848 4481 938 4532 wurde
963 4483 1030 4532 1490
1052 4482 1176 4548 geboren,
1206 4483 1277 4532 starb
1298 4484 1372 4533 1544.
1409 4482 1500 4533 Ueber
1517 4482 1568 4532 ihn

448 4568 499 4634 (als
521 4567 642 4633 Dichter)
669 4567 779 4617 handelt
801 4568 964 4618 Hofmann
983 4568 1178 4635 Peerlkamp
1197 4571 1225 4619 in
1243 4570 1295 4620 den
1314 4571 1393 4620 Vitae
1410 4568 1568 4635 Belgarum,

446 4657 492 4722 qui
514 4655 599 4706 latina
623 4657 741 4705 carmina
764 4657 927 4720 scripserunt
943 4657 1010 4707 tuf„
1039 4656 1119 4707 Sonst
1140 4656 1229 4708 Neve
1253 4659 1291 4708 im
1313 4659 1442 4708 Memoire
1460 4657 1567 4707 histori-

447 4758 500 4809 que
519 4743 568 4792 134
578 4743 595 4792 f.
616 4743 674 4793 318.
