3320 5742
75 545 170 617 [775]
382 557 483 597 Erasmus
497 568 538 598 von
553 558 678 599 Rotterdsm
693 559 737 599 und
751 559 858 600 Martinus
872 560 968 610 Lipsius.
1210 545 1271 607 113

74 731 154 796 mihi
180 733 378 818 colloquium
401 741 434 795 et
456 741 547 816 grata
569 733 768 798 familiaritas
791 735 859 798 fuit.
898 734 932 799 Si
956 739 1033 821 quid
1057 740 1135 801 certi
1159 737 1271 801 dehis

74 839 169 914 nosti,
204 859 267 921 age
290 859 348 922 pro
371 847 427 900 tua
458 837 665 913 humanitate,
697 841 742 902 uti
767 840 902 917 confido,
936 851 971 905 ut
1001 851 1033 904 et
1064 863 1123 926 ego
1155 844 1271 906 certior

73 942 161 1006 fiam.
199 941 284 1006 Vale
307 943 511 1025 integerrime
535 952 567 1005 et
589 945 694 1008 animo
718 967 789 1008 meo
813 945 929 1009 dilecte
952 947 1060 1009 frater.
1095 946 1149 1010 Ex
1164 947 1272 1010 Viridi

74 1046 183 1110 valle¹
214 1047 253 1110 17
280 1046 405 1112 calend.
429 1048 549 1112 lunias.

179 1170 239 1222 Aus
257 1170 318 1221 dem
336 1171 399 1222 Cod.
419 1173 484 1221 Hor.
502 1171 533 1224 A.
552 1189 578 1237 p.
599 1173 655 1221 137.

72 1423 200 1472 Lowon.
587 1399 764 1463 LXXXII.

117 1601 296 1658 Martinus
320 1600 475 1667 Lypsius
498 1599 724 1665 integerrimo
748 1600 786 1654 D.
812 1599 990 1655 Guilelmo
1014 1601 1227 1656 Louaniensi

298 1705 541 1761 Viridisuallis
565 1705 603 1759 in
625 1704 732 1759 zonis
755 1705 929 1760 canonico
954 1707 985 1761 S.
1009 1706 1047 1761 D.

179 1891 311 1967 Nesci0,
347 1911 444 1975 quam
467 1887 546 1953 mihi
573 1889 692 1952 famam
726 1910 864 1972 quamue
898 1912 1010 1954 narras
1045 1890 1268 1970 eruditionem,

74 2019 135 2080 ego
171 2019 235 2059 nec
259 2017 372 2078 arrogo
406 1995 484 2058 mihi
517 2015 579 2056 nec
613 2015 762 2077 agnosco,
809 1992 843 2057 si
877 1994 1013 2079 epistola
1047 2018 1097 2057 me
1133 1996 1271 2060 ciuiliter

74 2111 225 2164 moneret
248 2109 305 2164 aut
327 2100 446 2163 utiliter
469 2099 608 2175 doceret,
632 2100 753 2182 gratior
775 2107 870 2161 esset.
915 2099 1031 2184 Neque
1054 2109 1162 2162 tamen
1195 2122 1269 2164 cum

73 2205 154 2270 haec
181 2206 266 2282 dico,
292 2225 423 2290 prorsus
446 2205 488 2268 ab
512 2225 551 2268 ea
573 2225 670 2288 quam
694 2203 770 2267 mihi
792 2203 908 2268 tribuis
929 2203 1128 2268 humanitate
1144 2206 1269 2269 alienus

74 2309 187 2375 haberi
220 2309 328 2374 velim.
374 2309 425 2372 Tu
446 2330 524 2373 vero
547 2309 675 2372 interim
698 2309 857 2392 sagaciter
886 2310 964 2392 agis,
997 2310 1051 2393 qui
1082 2311 1114 2371 in
1138 2308 1270 2372 Annam

76 2417 242 2499 genitricis
266 2425 340 2478 tuae
363 2424 494 2499 neptem
523 2415 629 2476 reiicis
653 2413 791 2499 culpam,
823 2415 900 2477 satis
923 2413 1081 2489 diuinans,
1116 2414 1202 2498 quod
1224 2415 1269 2477 in-

76 2520 232 2584 decorum
267 2518 345 2583 mihi
378 2518 539 2596 ducerem,
572 2520 598 2580 si
632 2540 706 2581 cum
740 2517 931 2602 virguncula
960 2518 1102 2602 pudente
1133 2518 1185 2581 uel
1216 2541 1269 2582 ex-

75 2625 274 2709 postularem
296 2624 349 2688 uel
372 2625 504 2688 rixarer.
529 2624 661 2699 Verum,
678 2633 715 2686 ut
730 2623 772 2688 ad
787 2645 855 2686 rem
871 2624 1012 2699 veniam,
1037 2646 1100 2687 non
1125 2624 1268 2687 eundum

76 2730 152 2794 mihi
176 2739 227 2794 est
249 2729 292 2793 ad
307 2728 536 2793 bibliothecam
553 2727 716 2792 facultatis
732 2730 849 2792 artium
864 2751 922 2813 pro
938 2728 1029 2805 libre,
1055 2751 1152 2813 quem
1168 2733 1268 2814 petis,

77 2856 150 2898 nam
182 2857 257 2899 eum
284 2834 378 2898 nobis
408 2831 541 2897 exhibet
569 2842 678 2897 nostra
707 2832 946 2898 bibliothecula.
993 2832 1026 2896 Si
1059 2835 1205 2917 persistis
1235 2836 1269 2898 in

78 2941 245 3016 sententia,
269 2961 365 3022 agam
388 2960 462 3001 cum
484 2947 592 3000 nostro
618 2939 785 3023 suppriore
808 2937 1018 3021 Hieronymo,
1043 2947 1078 3002 ut
1100 2961 1160 3023 per
1182 2961 1268 3002 men-

77 3065 125 3108 ses
148 3045 273 3131 aliquot
302 3044 394 3109 vobis
425 3045 498 3107 usui
528 3065 599 3106 esse
631 3044 742 3127 possit.
790 3043 890 3106 Porro
918 3041 1005 3107 Saxo
1029 3043 1268 3107 Grammaticus

77 3169 117 3212 cx
140 3151 340 3214 eruditorum
363 3149 540 3214 amicorum
564 3147 721 3233 colloquio
747 3157 872 3212 tantum
896 3149 1034 3212 innotuit
1056 3147 1150 3211 nobis
1180 3150 1268 3211 satis-

78 3275 137 3338 que
162 3256 292 3340 cognita
317 3254 394 3317 mihi
426 3262 475 3316 est
503 3253 672 3317 Danorum
701 3252 841 3316 historia.
888 3251 933 3315 At
963 3251 1145 3337 bibliopolis
1172 3251 1267 3316 huius

77 3359 263 3422 academiae
286 3381 326 3421 ne
349 3379 466 3422 nomen
490 3357 621 3442 quidem
644 3358 745 3442 ipsius
768 3358 918 3421 innotuit:
953 3366 1078 3420 tantum
1100 3356 1201 3432 abest,
1234 3365 1269 3419 ut

77 3461 116 3526 de
140 3465 276 3528 caeteris
299 3465 368 3526 eius
390 3461 667 3526 lucubrationibus
683 3463 858 3546 quicquam
873 3462 988 3524 norint.
1021 3460 1144 3545 Opinor
1159 3471 1268 3525 tamen

77 3589 189 3632 verum
223 3591 307 3644 esse,
347 3567 433 3652 quod
466 3566 632 3630 Gerendus
655 3565 874 3650 Nouiomagus
908 3565 966 3630 tibi
1001 3565 1122 3640 retulit,
1161 3566 1267 3630 taliter

77 3673 214 3755 quahter
236 3672 312 3736 mihi
337 3681 439 3748 notus,
464 3692 581 3755 nempe
604 3691 648 3732 ex
670 3692 735 3733 una
758 3680 855 3755 atque
877 3669 978 3733 altera
1002 3669 1145 3754 epistola,
1171 3692 1267 3754 quam

78 3780 207 3863 scripsit
229 3777 375 3840 Erasm0.
422 3774 659 3851 caeterumsi,
692 3776 735 3838 mi
760 3773 929 3850 Guilelme,
963 3776 988 3836 si
1023 3773 1100 3837 mihi
1123 3776 1267 3839 vicissim

78 3884 168 3966 cupis
200 3882 383 3966 gratificari,
416 3882 506 3944 mitte
537 3880 579 3944 ad
609 3902 668 3943 nos
698 3879 866 3964 exemplar
893 3888 1020 3942 vestrae
1051 3879 1265 3945 bibliothecae

77 3982 250 4069 Augustini
274 3986 314 4049 de
338 3986 485 4050 doctrina
508 3984 684 4048 christiana
715 3985 931 4067 certioresque
962 4005 1021 4048 nos
1043 3983 1153 4060 redde,
1186 4006 1264 4048 num

78 4099 108 4150 et
141 4091 205 4154 alia
235 4101 364 4155 vetusta
393 4089 486 4153 vobis
523 4093 586 4153 sint
620 4089 794 4152 volumina.
839 4088 883 4151 Et
904 4098 939 4152 ut
966 4088 1138 4173 aliquando
1168 4089 1266 4152 finem

78 4192 201 4272 faciam,
235 4217 288 4258 oro
311 4204 347 4258 ut
377 4195 519 4259 officiose
549 4197 629 4258 meis
659 4194 769 4258 verbis
793 4194 910 4258 salutes
942 4193 1118 4256 venerandi
1142 4193 1268 4277 collegii

78 4303 174 4364 vestri
205 4302 406 4384 suppriorem
430 4300 712 4363 Bartholomaeum
738 4299 999 4363 Meerbekanum
1031 4306 1063 4360 et
1086 4298 1267 4363 Arnoldum

120 4563 126 4594 ¹
145 4564 302 4614 Bertthmtes
320 4563 584 4628 Augustinerkloster
603 4565 639 4611 im
658 4554 858 4622 Zonia-Walde,
886 4561 932 4610 der
950 4561 1084 4625 Jungfrau
1103 4561 1189 4610 Maria
1208 4559 1264 4608 und

143 4651 282 4701 lohannes
301 4652 362 4700 dem
381 4650 481 4700 Tttufer
500 4650 623 4716 gaweiht,
651 4650 741 4700 wurde
764 4651 834 4699 eiust
852 4647 1022 4698 Groenendal
1050 4652 1182 4713 genannt3
1208 4646 1262 4712 vgl.

145 4735 248 4788 Sander
265 4738 299 4786 Il.
321 4739 352 4786 16
363 4736 391 4786 ff.
