3372 5768
589 297 607 352 Ι

147 522 243 596 [681]
448 534 548 574 Erasmus
562 546 602 576 von
617 535 740 576 Rotterrlam
754 537 798 578 und
813 537 918 578 Martinus
933 538 1026 588 Lipsius.

726 1125 751 1187 I.

229 1321 303 1376 Des.
327 1321 495 1378 Erasmus
518 1321 664 1377 Domino
688 1323 839 1380 Martino
862 1324 992 1392 Lypsio
1016 1327 1247 1384 Bruxellensi.

252 1505 347 1606 Saluo
370 1506 555 1571 charissime
580 1507 726 1571 Martine.
762 1508 834 1588 Quo
858 1510 962 1574 minus
985 1512 1148 1575 inuiserim
1169 1523 1210 1588 te,
1235 1535 1326 1576 occu-

143 1612 292 1695 pationes
322 1612 355 1673 in
386 1633 482 1674 causa
512 1611 648 1675 fuerunt.
694 1610 864 1677 Caeterum
886 1635 927 1676 ne
950 1616 1062 1680 uidear
1083 1617 1249 1680 immemor
1269 1618 1325 1694 tui,

144 1716 238 1779 mitto
260 1714 402 1778 libellum
424 1714 530 1778 adhuc
554 1717 727 1800 spirantem
750 1718 792 1781 ab
815 1717 952 1782 officina.
997 1720 1086 1783 Bene
1109 1720 1189 1784 vale.

249 1821 304 1871 Aus
321 1821 381 1871 dem
400 1821 463 1870 (lod.
481 1822 694 1872 Horauitaianus.
714 1823 744 1873 A.
763 1841 787 1889 p.
808 1825 850 1874 37.

143 2103 272 2152 nowen.
714 2084 756 2147 ΙΙ.
1251 2107 1325 2155 1010.

142 2284 281 2350 Insigni
297 2298 412 2342 000100
427 2284 632 2352 uheologiae
647 2284 835 2352 professori
847 2285 924 2340 Des.
937 2285 1082 2340 Erasmo
1094 2285 1326 2343 Boterodamo

341 2388 513 2446 Martinus
535 2389 690 2457 nypsius
713 2387 955 2446 Bruxellensis
977 2389 1009 2445 S.
1032 2389 1069 2444 P.
1093 2390 1132 2444 D.

251 2572 360 2637 Facile
372 2572 564 2637 crediderim
575 2583 608 2637 te
620 2575 866 2658 occupationum
878 2572 1081 2638 multitudine
1092 2574 1324 2658 praepeditum,

144 2680 189 2742 mi
213 2677 355 2754 Erasme,
383 2699 424 2740 ne
447 2687 479 2741 et
506 2700 558 2741 me
587 2676 731 2742 inutilem
762 2677 935 2742 amiculum
957 2679 1121 2742 inuiseres.
1167 2676 1232 2742 Sed
1255 2681 1326 2764 quis

144 2805 211 2848 non
234 2782 346 2846 saltem
368 2783 527 2867 patienter
542 2783 667 2846 Erasmi
683 2781 765 2858 ferat
780 2782 968 2860 absentiam,
993 2784 1088 2847 ctiam
1104 2783 1323 2862 amicissimus,

145 2890 172 2952 si
206 2910 269 2951 non
302 2888 413 2972 iniqua
445 2888 561 2951 mentis
594 2888 712 2950 amussi
745 2885 877 2964 librarit,
909 2909 1005 2972 quam
1034 2887 1196 2971 frugifera,
1228 2909 1325 2972 quem

145 2992 263 3056 decora
294 3001 334 3070 01,
365 3000 401 3056 ut
430 2991 529 3055 semel
560 2991 675 3068 dicam,
709 3013 806 3076 quam
835 2990 1008 3056 christiana
1035 2993 1098 3055 sint
1119 2991 1174 3055 illa
1195 3001 1250 3056 tua
1272 3014 1324 3056 ne-

145 3098 247 3180 gocia,
272 3118 355 3180 quae
378 3106 409 3159 te
431 3117 451 3158 0
473 3117 507 3158 00
531 3095 696 3160 diuellunt.
720 3095 799 3159 Mihi
823 3104 910 3158 certe
932 3118 996 3158 non
1011 3096 1107 3160 modo
1124 3117 1322 3181 persuasum,

145 3201 202 3266 sed
233 3202 329 3264 etiam
359 3199 516 3264 creditum
542 3210 600 3278 est,
632 3209 663 3263 10
690 3223 755 3264 non
786 3210 909 3264 tantum
939 3210 1003 3278 tue,
1034 3223 1147 3264 uerum
1173 3203 1269 3266 etiam
1291 3211 1323 3266 te

144 3308 249 3390 ipsum
272 3305 457 3389 impendere
480 3304 606 3368 utilitati
630 3304 804 3368 catholicae
828 3305 992 3368 ecclesiae.
1038 3303 1208 3368 Caeterum
1237 3306 1323 3390 quod

144 3410 272 3497 plmimi
302 3432 366 3473 non
398 3409 499 3474 solum
527 3410 561 3473 id
583 3432 646 3473 11011
669 3409 847 3486 attendunt,
881 3409 937 3472 sed
960 3410 1090 3495 insuper
1112 3411 1153 3474 de
1176 3410 1323 3474 omnibus

143 3514 228 3579 bene
243 3515 358 3578 mereri
375 3513 556 3578 studentem
572 3513 644 3577 odio
666 3523 911 3599 prosequuntur,
935 3523 971 3577 ut
993 3515 1180 3578 caecitatem
1202 3513 1321 3592 sileam,

143 3618 229 3683 istud
249 3640 365 3682 causae
381 3626 438 3696 001,
462 3617 548 3703 quod
564 3617 725 3682 hominem
740 3627 868 3703 poetam
882 3618 1105 3703 rhetoremque
1122 3616 1172 3704 (ut
1186 3617 1321 3704 dicunt),

143 3734 177 3788 at
206 3723 388 3807 theologum
410 3723 622 3808 perexiguum
645 3722 705 3786 hoc
729 3722 890 3787 scribendi
911 3733 1135 3806 argumentum
1150 3724 1322 3809 arripuisse

144 3829 354 3913 conspiciunt.
378 3826 443 3890 Sed
466 3827 559 3904 absit,
583 3836 618 3890 ut
640 3826 753 3891 horum
770 3827 951 3911 opinionem
968 3838 1120 3912 sequatur
1135 3849 1190 3891 cor
1205 3849 1332 3891 mcum.-

143 3933 212 3996 Iem
243 3932 328 4017 quod
358 3931 511 4008 libellum,
543 3933 606 3995 imo
636 3930 754 3995 librum
783 3931 825 3996 ad
856 3954 908 3995 1110
931 3933 1043 3995 misisti
1065 3932 1163 4017 idque
1186 3932 1227 3997 ob
1251 3953 1322 3996 eam

144 4060 284 4115 causam,
316 4059 356 4100 ne
387 4038 449 4100 mei
480 4038 646 4100 immemor
675 4036 823 4114 uidearis,
854 4037 956 4100 fateor
986 4037 1110 4101 erubui.
1157 4035 1221 4100 Sed
1243 4046 1320 4101 esto.

143 4142 216 4206 Non
239 4152 356 4220 tamen,
380 4143 424 4205 mi
439 4141 574 4219 Erasmi,
598 4141 777 4226 perieulum
800 4151 848 4205 est
869 4164 921 4206 me
944 4143 990 4206 tui
1009 4142 1077 4206 fore
1093 4142 1320 4220 immemorem,

142 4248 198 4331 qui
222 4255 267 4310 tot
281 4245 463 4312 nominibus
478 4268 517 4309 ac
533 4247 710 4309 numerosis
727 4246 858 4310 calculis
874 4246 1068 4331 praeuenisti
1084 4256 1116 4310 et
1131 4246 1321 4311 subsecutus

142 4373 177 4415 es
200 4351 346 4416 friuolam
368 4361 509 4414 nostram
531 4351 718 4414 amiciciam.
763 4351 842 4414 Mihi
866 4372 950 4434 ergo,
979 4350 1056 4414 mihi
1079 4351 1198 4415 haecce
1220 4351 1321 4416 uerba

143 4465 332 4540 congruunt,
367 4478 475 4519 meum
504 4457 586 4518 istuc
617 4463 666 4518 est
700 4455 886 4540 suppliciter
919 4455 978 4518 abs
1011 4464 1043 4518 te
1077 4455 1230 4538 flagitare,
1266 4457 1320 4540 qui
1394 4479 1396 4484 ·

142 4560 219 4624 nihil
242 4562 406 4625 amiciciae
429 4583 568 4646 prosum,
592 4559 820 4624 necessitudini
842 4547 970 4645 praesto
993 4559 1081 4623 nihil.
1117 4559 1182 4625 Sed
1204 4569 1236 4624 et
1256 4559 1319 4626 hoc

141 4667 204 4728 tuis
227 4665 354 4729 aceedit
375 4664 533 4742 laudibus,
557 4673 631 4728 tuae
654 4664 763 4728 uirtuti
785 4675 927 4728 meretur
948 4663 1098 4742 adscribi,
1123 4663 1208 4750 quod
1230 4672 1320 4728 101110
