3372 5768
116 563 218 639 [717]
435 580 535 620 Erasmus
548 591 590 620 von
604 579 728 620 liettardum
743 581 787 620 und
801 580 909 621 Martinus
923 580 1017 630 Lipsius.

664 948 801 1013 XXXI.

120 1175 317 1232 Gislenius
334 1175 472 1231 Grotius
488 1173 745 1231 salsiterrensis
768 1173 971 1230 liberalium
994 1175 1123 1230 artium
1146 1175 1323 1242 professor
1424 1199 1425 1202 ¹

478 1281 517 1335 D.
542 1280 694 1336 martino
718 1279 849 1346 Lypsio
872 1281 979 1335 Brux.

237 1489 345 1567 Saluo,
370 1489 587 1554 amantissime
602 1489 644 1552 D.
661 1489 809 1553 Martine.
833 1488 886 1551 De
908 1488 970 1552 hac
990 1497 1046 1552 tua
1063 1499 1201 1566 strenna,
1227 1511 1325 1574 quam

123 1595 259 1671 misisti,
291 1593 395 1659 habeo
425 1595 570 1678 gratiam.
616 1594 805 1678 Dispiciam‚
837 1592 924 1656 unde
956 1613 1072 1678 queam
1095 1615 1240 1678 pensare.
1288 1594 1322 1658 si

125 1699 210 1784 quid
235 1700 366 1764 interim
388 1700 456 1776 erit,
489 1721 552 1785 quo
575 1708 607 1762 te
629 1697 906 1784 potero'vicissim
934 1697 1105 1775 oblectare,
1137 1698 1222 1763 illico
1252 1700 1324 1763 istic

125 1803 285 1868 adfuerit.
320 1803 463 1868 Valebis.
498 1802 598 1881 Alias,
622 1801 678 1868 ubi
701 1825 759 1888 per
782 1805 888 1868 ocium
910 1802 1029 1880 licebit,
1053 1803 1148 1867 latius
1173 1803 1324 1868 confabu-

126 1909 284 1973 labimur.

239 2031 296 2084 Aus
314 2032 375 2083 dem
394 2031 457 2083 eod.
476 2032 541 2083 Hor.
560 2032 591 2082 A.
610 2049 635 2096 p.
655 2033 696 2082 76.

659 2284 806 2349 xxxn.
883 2363 886 2371 .

253 2512 427 2584 Henricus
451 2511 577 2567 Darius
599 2510 804 2568 leodiensis
826 2513 865 2568 D.
891 2512 1044 2568 Martino
1068 2513 1212 2580 Lypsio.

186 2785 189 2792 .
242 2723 376 2809 Accipe,
409 2725 452 2788 mi
475 2724 517 2788 D.
541 2724 689 2800 Martine,
722 2722 921 2809 epitaphium
942 2747 1051 2802 unum,
1085 2726 1180 2811 quod,
1212 2726 1325 2810 sipla-

134 2830 235 2906 cebit,
265 2828 350 2892 bene
373 2837 438 2892 est:
470 2831 519 2892 sin
549 2830 664 2905 minus,
693 2829 726 2891 in
749 2828 917 2912 spongiam
939 2829 1135 2894 incumbat.¹
1180 2829 1254 2892 Non
1277 2839 1327 2892 est

136 2934 275 2999 sublime
306 2955 368 2997 nec
395 2933 650 3018 grandiloquum,
682 2932 740 2996 sed
763 2931 883 2996 humile
906 2955 945 2997 ac
967 2957 1123 3019 pressum,
1156 2935 1250 3019 quale
1273 2933 1326 2997 de-

136 3037 292 3122 syderare
314 3046 346 3101 te
368 3038 488 3103 aiebas.
512 3036 670 3115 Alterum,
695 3037 825 3122 quando
847 3036 945 3116 voles,
970 3037 1012 3102 ad
1035 3047 1067 3101 te
1089 3040 1207 3102 veniet.
1232 3038 1324 3103 Vale.

648 3255 825 3322 Epitaphium.

399 3404 441 3454 An
459 3420 513 3454 non
531 3405 560 3454 in
577 3404 640 3454 fatis
657 3404 709 3460 hoc
727 3419 784 3454 esse
802 3403 932 3467 uidemus,
951 3409 1084 3471 utusque

448 3493 556 3559 Optima
574 3491 607 3542 de
625 3491 713 3542 madio
731 3491 815 3542 liuida
833 3507 902 3542 mors
921 3494 1014 3558 rapiat.

398 3582 450 3632 Hic
469 3586 527 3632 erat
544 3581 652 3647 ingenio
673 3582 741 3643 miti,
759 3596 881 3631 sermone
899 3581 1004 3648 pudico,

449 3669 531 3718 Cuius
549 3670 578 3718 in
595 3669 646 3718 hoc
665 3669 752 3718 cernis
770 3669 878 3718 condita
897 3669 1015 3719 membra
1033 3667 1101 3720 1000.

365 3807 371 3814 ,
397 3755 477 3816 Illum
497 3755 601 3822 relligio
620 3760 705 3806 totum
724 3756 888 3822 possederat:
908 3761 989 3822 atque

448 3845 572 3893 Insuetus
589 3842 683 3908 lingua
699 3841 807 3893 laedere
825 3858 957 3911 quemque
976 3858 1033 3893 sua.

398 3931 448 3993 Qui
466 3931 563 3980 mansis
580 3929 672 3991 lector,
692 3930 825 3980 Christum
844 3932 960 3996 rogitare
978 3935 1123 3981 momento:
1225 3944 1227 3952 ·

448 4017 528 4068 Hunc
546 4018 612 4067 velit
629 4017 757 4084 angelicis
775 4019 907 4068 associare
925 4018 1020 4068 choris.
1043 4056 1047 4063 .

241 4216 385 4280 Primum
416 4217 619 4293 versiculum,
650 4226 686 4279 ut
717 4219 789 4295 scis,
824 4226 988 4282 mutuatus
1020 4241 1090 4281 sum
1120 4217 1202 4294 ideo,
1239 4216 1325 4302 quod
1383 4187 1384 4190 Ἴ

138 4321 279 4384 maxime
310 4321 500 4406 quadrabat.
545 4320 616 4384 Nisi
638 4322 797 4406 piguisset
818 4323 869 4385 me
893 4321 1020 4399 laboris,
1052 4321 1184 4385 nitidius
1207 4329 1240 4384 et
1263 4320 1323 4384 ele-

138 4427 266 4510 gantius
290 4447 378 4490 eram
401 4425 630 4511 descripturus.
668 4426 790 4491 Iterum
813 4428 894 4491 vale.

242 4568 297 4618 Aua
315 4569 375 4618 dem
395 4568 459 4619 Cod.
478 4569 543 4618 Hor.
562 4569 593 4618 A.
611 4585 636 4632 p.
657 4570 697 4620 77.
734 4609 735 4614 ,

183 4777 190 4810 ¹
209 4776 326 4827 llacrob.
344 4777 378 4827 Π.
397 4778 421 4836 4,
441 4779 455 4825 ‘2
476 4775 541 4842 (vgl.
560 4776 632 4828 Suet.
651 4777 719 4842 Aug.
739 4777 792 4842 85).
