3372 5768
105 564 204 637 [719]
418 578 519 618 Erasmus
533 589 575 618 von
589 578 714 619 Rotterdom
727 578 772 619 und
785 579 892 620 Martinus
906 579 1000 630 Lipsius.
1260 563 1299 627 57

104 751 269 836 paschate
291 762 456 840 repetam:
479 775 555 818 nam
576 754 653 818 mihi
677 757 737 818 erit
759 777 849 840 opus,
873 758 901 819 si
923 755 982 820 tibi
1004 777 1070 820 non
1092 757 1152 820 erit
1172 779 1301 842 magno-

105 878 185 940 pere
218 861 304 924 usui.
342 858 447 924 Valde
470 858 678 943 flagitabatur
699 883 719 924 a
742 859 937 945 quibusdam
959 860 1128 938 Minoritis‚
1163 861 1221 925 sed
1241 862 1301 926 tibi

106 962 192 1026 malo
226 963 413 1048 gratificari,
448 963 608 1049 siquidem
637 986 689 1027 res
721 973 778 1041 est,
815 964 913 1029 cordi.
958 964 1098 1029 Remitto
1128 965 1303 1050 Augustini

107 1067 209 1131 libros
235 1077 349 1132 contra
363 1067 530 1132 Faustum.
554 1066 677 1147 Scribe,
702 1070 729 1132 si
751 1090 832 1154 quos
854 1069 933 1134 alios
949 1069 1075 1134 habetis
1088 1070 1187 1136 libros
1203 1095 1302 1136 manu

108 1173 290 1236 vetustiore
320 1172 516 1259 descriptos:
547 1172 600 1236 hic
630 1174 715 1238 61111
745 1173 840 1238 nobis
862 1196 979 1258 magno
1003 1174 1063 1239 fuit
1084 1177 1165 1239 usui.
1211 1175 1301 1240 Bene

109 1274 193 1353 vale,
218 1277 266 1340 mi
289 1277 437 1360 Maltino,
461 1299 577 1362 meque
599 1279 663 1342 tuis
686 1277 837 1364 precihus
860 1277 987 1343 Christo
1012 1279 1210 1344 commenda.

217 1401 275 1450 Aus
293 1401 354 1451 dem
373 1401 438 1452 eoo.
457 1402 522 1454 Hor.
541 1402 572 1452 Α.
591 1419 616 1468 p.
636 1404 677 1454 78.

525 1618 528 1622 ’
640 1628 784 1692 XXXV.
1114 1647 1303 1698 11111118.ι

234 1828 312 1884 Des.
336 1828 500 1884 Erasmus
523 1828 778 1885 Roterodamus
801 1828 839 1883 D.
865 1829 911 1883 Μ.
935 1828 1124 1896 hypatos,
1149 1830 1187 1884 D.

217 2011 335 2076 Frater
364 2013 397 2075 in
427 2009 554 2075 Christo
589 2010 785 2087 charissime,
821 2031 884 2096 quo
917 2011 1140 2076 uehementius
1173 2011 1304 2076 dolebat

112 2115 191 2179 mihi
214 2117 348 2181 morbus
371 2125 454 2194 tuus,
479 2114 540 2180 hoc
563 2117 666 2200 magis
688 2115 815 2200 gaudeo
837 2124 869 2178 te
890 2117 1056 2180 reuixisse.
1080 2115 1243 2201 Superest,
1266 2125 1303 2180 ut

114 2242 218 2300 cures,
243 2243 285 2285 ne
307 2220 433 2285 recidas
455 2243 494 2286 ac
518 2220 659 2284 studium
682 2229 772 2284 tuum
795 2219 981 2284 modereris.
1027 2220 1115 2284 Dedi
1138 2220 1214 2285 huic
1237 2230 1302 2284 tres

114 2325 318 2412 philippicoe,
332 2327 358 2389 si
370 2325 459 2390 voles
471 2327 625 2410 recipere.
642 2324 838 2389 Venerando
851 2324 977 2408 collegii
989 2327 1089 2389 vestri
1101 2325 1302 2411 patriarchae

114 2430 230 2495 loanni
245 2430 390 2496 Arnoldo
412 2432 492 2495 meis
516 2429 624 2493 verbis
643 2452 778 2514 magnas
794 2452 872 2515 ages
887 2431 1007 2514 gratias
1022 2452 1081 2515 pro
1097 2430 1302 2495 munusculo:

116 2536 330 2620 cogitabimus
360 2535 401 2599 de
430 2534 606 2622 pensando,
639 2557 713 2599 cum
744 2534 875 2599 dabitur
903 2535 1039 2599 occasio.
1084 2535 1303 2622 Paraphrases

115 2641 261 2706 nondum
282 2641 440 2706 aduectae
463 2649 547 2704 sunt.
575 2640 731 2704 Visissem
753 2650 794 2718 te,
820 2640 878 2704 sed
900 2662 942 2704 ex
965 2641 1070 2704 ventis
1093 2642 1180 2725 cepit
1201 2649 1303 2705 totum

118 2766 235 2832 corpus
257 2767 365 2810 meum
387 2739 727 2830 fibricula'quaedam.
755 2745 822 2810 Ubi
845 2746 905 2808 erit
920 2744 1117 2823 meliuscule,
1142 2755 1173 2808 te
1189 2745 1301 2810 visam.

117 2848 168 2912 De
191 2850 306 2914 itinere
329 2849 471 2914 nondum
494 2851 622 2915 omnino
646 2858 778 2914 certum.
803 2849 1024 2935 Expectamus
1047 2849 1155 2914 literas
1178 2849 1304 2915 eWor-

118 2956 231 3019 macia.
255 2953 344 3017 Bene
368 2953 450 3032 vale,
474 2955 518 3018 mi
540 2954 687 3018 Martine.
716 2952 892 3018 Confirmet
914 2963 946 3017 et
967 2955 1110 3018 animum
1132 2963 1165 3017 et
1188 2977 1304 3040 corpus

117 3066 207 3123 tuum
231 3058 379 3122 dominus
401 3058 492 3122 Iesus
515 3060 618 3122 omnis
641 3057 752 3123 salutis
774 3067 868 3122 autor
889 3067 922 3122 et
943 3059 1147 3123 instaurator.

220 3181 276 3231 Aus
294 3182 353 3232 dem
372 3180 437 3233 eod.
455 3182 520 3233 Hor.
539 3181 569 3231 Α.
588 3198 614 3247 p.
633 3182 674 3232 78.

631 3409 793 3475 XXXVI.

120 3611 294 3668 Martinus
325 3611 481 3680 hypatus
505 3611 751 3667 Bruxellensls
774 3610 958 3666 Desiderio
980 3612 1126 3667 Erasmo
1151 3611 1181 3665 S.
1205 3610 1303 3665 121².

222 3796 302 3860 Mox
332 3795 389 3860 uhi
418 3795 460 3860 ad
492 3817 551 3860 nos
583 3797 672 3859 venit
700 3795 883 3877 Nesenus,‘²
917 3816 1020 3858 sermo
1050 3793 1090 3857 de
1120 3795 1161 3858 N.
1192 3793 1305 3857 haberi

121 3901 239 3987 coepit:
274 3887 438 3986 multaque
469 3900 582 3964 auditu
614 3900 748 3964 molesta
779 3898 856 3963 mihi
890 3901 1041 3964 narrauit.
1088 3898 1214 3963 Vellem
1245 3921 1304 3963 nos

122 4025 229 4070 coram
251 4005 338 4091 loqui
360 4027 464 4091 posse.
488 4005 607 4068 Literis
629 4027 769 4089 agerem,
794 4004 851 4068 sed
875 4025 955 4091 opus
978 4012 1035 4081 est,
1064 4013 1100 4067 ut
1121 4012 1153 4066 te
1177 4025 1304 4089 quoque

121 4111 258 4190 audiam,
292 4133 356 4197 quo
385 4110 537 4176 videlicet
566 4119 662 4196 pacto
692 4120 800 4174 tecum
823 4112 925 4194 egerit
948 4109 1067 4195 quidue
1089 4109 1303 4194 responderis.

121 4213 195 4294 Oro,
227 4218 380 4280 certiores
409 4239 467 4280 nos
497 4215 615 4280 reddas
628 4251 630 4256 v
645 4238 687 4279 an
717 4237 803 4279 nunc
829 4224 903 4299 post
924 4215 1092 4279 meridiem
1114 4214 1156 4278 ad
1180 4223 1304 4278 nostrum

162 4409 170 4441 ¹
189 4409 245 4460 Das
263 4410 363 4459 Datum
381 4409 478 4460 nehme
496 4409 540 4460 ich
558 4409 627 4459 nach
645 4409 693 4459 der
710 4409 810 4458 Phruse
828 4423 862 4457 ex
879 4410 968 4458 uentis
980 4413 1031 4458 etc.
1051 4407 1096 4473 (cf.
1114 4408 1160 4457 ΙΠ.
1176 4407 1237 4472 358)
1257 4421 1304 4468 an;

188 4495 232 4546 die
250 4496 434 4562 Paraphraseu
452 4495 608 4546 erschieuen
626 4494 801 4546 bekanntlich
823 4497 896 4546 1519.

161 4583 426 4647 2111116111116161,
445 4583 492 4633 der
510 4583 724 4646 hochtalentirte,
743 4599 793 4632 nur
811 4598 844 4631 zu
863 4582 922 4632 truh
941 4581 1024 4632 durch
1038 4581 1122 4646 jiihen
1136 4580 1194 4631 Tod
1212 4579 1303 4630 dahin-

188 4671 300 4737 geraffte
323 4670 448 4722 Gelehrte
468 4671 512 4736 (cf.
531 4671 622 4734 Steitz,
640 4670 683 4720 W.
703 4671 800 4720 Nesen.
825 4669 972 4719 Franklurt
992 4669 1078 4734 1877),
1106 4668 1168 4718 kam
1192 4667 1225 4717 ab
1250 4665 1305 4715 und
1360 4702 1362 4706 -

189 4775 223 4809 11
241 4758 340 4810 sowohl
361 4759 426 4808 1518
445 4757 485 4808 als
505 4760 572 4808 1519
591 4757 661 4808 nach
679 4759 788 4808 deen.
