3320 5742
93 583 130 656 [7
138 585 195 656 39]
406 547 510 636 uranus
520 606 562 635 von
576 593 701 664 Rottcrdanr
714 595 759 635 und
772 595 879 638 Martinus
894 573 997 645 Lipsius.¹
1247 577 1287 641 11

94 780 234 855 totaque
263 769 395 834 viuendi
429 773 509 834 ratio
539 769 779 847 dissimillima,¹
815 792 854 832 ac
871 780 958 846 tote,
994 779 1030 833 ut
1059 769 1185 848 dicitur,
1222 769 1289 846 celo

97 874 300 959 discrepans,
334 883 423 938 recta
452 876 562 959 utique
592 877 716 938 ratione
746 873 834 938 nulla
861 895 936 959 pax,
970 873 1057 938 nulla
1087 872 1290 938 necessitudo

97 981 188 1048 inter
209 987 359 1063 utrosque
383 981 468 1042 coire
495 986 609 1064 potest,
642 987 678 1043 ut
704 1000 769 1042 non
796 987 952 1064 perpetuo
978 978 1080 1073 bonos
1106 977 1183 1042 mali
1211 998 1291 1041 cane

98 1087 197 1168 peius
220 1093 252 1146 et
272 1083 411 1167 angue,²
431 1092 467 1147 ut
483 1082 609 1161 dicitur,
634 1082 769 1146 oderint.
815 1082 1044 1162 Quamobrem,
1069 1083 1155 1168 quod
1178 1082 1220 1146 ad
1240 1104 1291 1146 me

100 1192 227 1264 attinet,
258 1187 339 1252 haec
369 1207 474 1273 neque
501 1186 673 1251 sollicitum
695 1186 870 1252 admodum
892 1209 944 1250 me
967 1186 1089 1251 habent
1111 1208 1215 1272 neque
1238 1186 1292 1251 ad-

100 1295 272 1357 miratione
293 1292 359 1357 ulla
382 1291 543 1356 afficiunt:
567 1291 624 1356 sed
643 1292 779 1357 aliorum
795 1314 893 1356 causa
908 1291 1053 1356 nonnihil
1068 1291 1203 1357 molesta
1219 1300 1294 1356 sunt

101 1407 202 1483 atque
225 1400 368 1462 animum
389 1419 498 1462 meum
521 1396 605 1460 male
626 1396 757 1461 habent.
804 1396 938 1478 Quoties
961 1399 1047 1462 enim
1069 1399 1224 1461 memoria
1246 1418 1293 1460 re-

99 1512 189 1589 peto,
221 1524 317 1588 quam
347 1503 466 1567 insulse
497 1501 687 1588 plerumque
715 1523 876 1588 quamque
904 1505 972 1568 sine
1000 1525 1099 1568 causa
1121 1504 1314 1586 negocium·

102 1606 299 1672 exhibeatur
321 1607 414 1670 bonis
429 1608 508 1670 viris
531 1607 573 1670 ab
594 1606 776 1671 hominibus
797 1609 905 1672 nescio
922 1608 1039 1692 quibus
1055 1617 1088 1671 et
1101 1609 1149 1671 rei
1163 1615 1293 1670 nostrae

101 1711 256 1797 publicae
280 1721 453 1789 eteorum,
478 1713 533 1797 qui
556 1731 626 1775 sese
648 1720 731 1776 totos
754 1711 797 1777 ad
820 1733 892 1776 eam
914 1712 1156 1790 subleuandam,
1180 1732 1293 1798 proue-

102 1816 256 1895 hendam,
286 1816 462 1881 ornandam
486 1815 697 1894 contulerunt,
727 1818 889 1881 miseratio
921 1816 1009 1882 subit
1038 1816 1122 1881 illius
1152 1815 1292 1901 quidem,

103 1921 193 2008 quod
214 1931 337 1986 tantam
359 1923 516 1985 iacturam
538 1931 728 2006 tantumque
751 1922 957 2007 dispendium
974 1921 1073 1986 faciat
1091 1943 1200 1986 rerum
1217 1922 1295 2006 opti-

103 2048 241 2103 marum,
266 2025 344 2091 dum
366 2026 554 2090 excellentis
577 2026 763 2091 eruditionis
778 2029 1037 2112 praestantisque
1053 2027 1219 2091 doctrinae
1233 2027 1295 2090 viri

104 2132 226 2197 bonam
257 2133 410 2216 temporis
441 2141 568 2217 partem
597 2134 631 2195 in
661 2132 885 2218 respondendo
913 2132 1144 2198 maleuolorum
1173 2133 1296 2197 detrac-

104 2235 248 2301 tionibus
271 2235 407 2321 perdere
431 2246 597 2320 cogrmtur,
623 2257 720 2321 quam
740 2236 859 2302 licebat
875 2259 950 2301 cum
965 2259 1081 2322 magno
1097 2235 1296 2322 reipublicae

106 2341 322 2406 emolumento
341 2344 376 2406 in
395 2341 493 2407 rebus
517 2342 721 2426 grauioribus
736 2345 904 2429 magisque
920 2344 1111 2408 necessariis
1128 2343 1295 2426 collocare,

105 2446 222 2511 horum
245 2456 361 2525 autem,
391 2447 478 2533 quod
500 2457 568 2511 tam
590 2449 698 2532 iniquo
721 2457 852 2534 tamque
876 2448 974 2513 sterili
996 2452 1114 2512 amoris
1137 2470 1176 2512 ac
1200 2447 1297 2512 bene-

105 2551 268 2616 uolentiae
301 2554 455 2638 pacisque
489 2552 606 2630 seculo,
642 2574 719 2616 vere
752 2554 873 2617 infelici
902 2554 1006 2618 sidere
1036 2563 1067 2617 et
1098 2563 1214 2639 quarta
1248 2550 1298 2638 (ut

106 2659 199 2720 aiunt
220 2655 311 2742 luna)
334 2659 402 2721 nati
425 2659 496 2734 sint,
521 2678 583 2742 quo
606 2679 670 2721 non
692 2658 786 2722 modo
809 2657 897 2740 nulla
920 2660 983 2721 sint
1004 2660 1115 2722 uirtuti
1134 2659 1298 2743 proposita

105 2764 263 2847 praemia,
294 2771 330 2825 ut
356 2763 540 2848 antiquitus,
573 2761 630 2826 sed
658 2784 675 2825 e
702 2762 830 2827 diuerso
858 2764 978 2848 ubique
1001 2774 1094 2827 atrox
1116 2772 1230 2848 parata
1253 2765 1298 2825 in·
1378 2847 1381 2853 Ι

108 2866 206 2943 uidia,
237 2865 436 2943 obtrectatio,
468 2866 638 2931 calumnia.
683 2866 768 2931 Nam
797 2871 831 2930 in
860 2870 1053 2952 praesentia,
1086 2870 1141 2953 qui
1162 2866 1298 2930 honesta

108 2971 218 3035 studia
239 2974 321 3036 iusto
344 2971 463 3036 honore
486 2974 634 3058 iustaque
656 2971 752 3037 laude
773 2983 996 3058 prosequatur,
1025 2975 1081 3058 qui
1107 2972 1149 3036 ad
1172 2972 1299 3057 lapsum

108 3077 317 3162 quantumuis
339 3076 445 3141 leuem
469 3079 648 3155 conniueat,
673 3080 730 3163 qui
752 3086 901 3154 erratum,
925 3086 961 3142 ut
981 3087 1056 3140 sunt
1070 3077 1221 3154 humana,
1246 3075 1300 3139 vel

107 3191 240 3268 praeter
272 3201 364 3267 spem
397 3181 574 3246 admissum
609 3181 747 3247 candide
782 3181 949 3259 condonet,
984 3183 1042 3246 vix
1074 3203 1212 3267 usquam
1247 3203 1299 3244 me

108 3284 242 3349 hercule
271 3287 415 3370 gentium
444 3289 595 3372 reperies,
627 3288 690 3350 nisi
718 3285 800 3351 forte
829 3289 863 3351 in
893 3286 1016 3350 fumoso
1047 3289 1198 3372 quopiam
1228 3307 1300 3370 gur-

109 3391 217 3475 gustio
238 3390 454 3456 umbraticam
476 3401 508 3455 et
530 3391 718 3477 despectam
733 3393 834 3456 vitam
855 3390 1035 3455 ducentem.
1081 3390 1128 3455 At
1150 3393 1206 3477 qui
1228 3391 1300 3456 odio

110 3505 209 3581 atque
238 3495 463 3561 maleuolentia
493 3499 590 3561 etiam
620 3505 707 3561 recte
734 3496 821 3560 facta
849 3494 952 3583 (tanta
979 3507 1028 3561 est
1050 3496 1155 3561 aliena
1177 3496 1301 3561 admor-

53 3680 55 3683 1
111 3599 212 3665 dendi
234 3599 348 3688 libido)
381 3601 561 3688 deprauent
591 3611 623 3666 et
654 3603 687 3665 in
717 3604 860 3686 peiorem
888 3611 1014 3687 partem
1041 3604 1300 3688 interpretentur,

110 3726 273 3790 nusquam
294 3727 359 3770 non
384 3716 457 3771 sunt
479 3707 576 3786 obuii,
607 3709 671 3770 imo
701 3717 887 3771 transuerso
915 3706 1005 3771 foro³
1033 3705 1083 3794 (ut
1108 3709 1154 3770 ita
1180 3705 1301 3793 dicam)

111 3810 269 3875 incedunt
289 3832 349 3896 per
370 3811 536 3876 hominum
559 3834 615 3876 ora
639 3811 792 3876 sublimes
815 3821 911 3897 atque
930 3811 1127 3896 magnifici.⁴
1170 3811 1303 3875 Etcum

112 3916 186 3980 lites
210 3918 358 3993 seuerint,
390 3917 446 3980 ubi
469 3916 647 3994 defuerant,
679 3917 824 4002 placidas
846 3938 898 3980 res
921 3916 1131 3993 turbauerint,
1164 3916 1303 4001 aliquem

114 4041 157 4084 ex
181 4020 354 4105 tranquillo
376 4024 409 4085 in
433 4021 600 4107 scopulum
622 4021 795 4098 intulerint,
829 4023 919 4106 quasi
949 4043 983 4084 re
1013 4020 1097 4084 benc
1121 4029 1212 4105 gesta
1234 4019 1303 4083 dies

113 4125 213 4190 festos
247 4135 348 4209 agunt
381 4136 413 4189 et
446 4126 545 4212 digito
577 4127 681 4204 celum
712 4149 746 4190 se
777 4148 872 4211 posse
905 4128 1063 4210 attingere
1097 4124 1306 4202 arbitrantur,

113 4231 265 4294 nimirum
307 4233 528 4295 existimantes
563 4233 729 4316 egregium
767 4233 894 4296 uirtutis
931 4253 1011 4318 opus
1049 4240 1081 4294 et
1114 4229 1304 4315 palmariam

114 4334 246 4400 laudem
280 4333 444 4414 ducentes,
483 4336 611 4401 dedisse
645 4339 767 4422 ingenii
801 4339 965 4422 specimen
998 4345 1095 4421 atque
1128 4334 1305 4398 industriae

160 4513 167 4546 ¹
186 4512 363 4566 dissimilima.

160 4600 170 4634 ²
187 4599 253 4650 Hor.
271 4599 355 4665 Epist.
374 4599 395 4650 I.
416 4600 456 4664 17,
474 4601 516 4651 30.

159 4686 170 4720 ³
187 4685 242 4736 Cic.
261 4686 294 4737 de
314 4685 358 4736 Or.
375 4686 424 4736 III.
443 4688 485 4750 33,
506 4688 563 4736 133.

158 4773 169 4806 ⁴
187 4772 251 4823 Sall.
269 4772 333 4824 bell.
351 4773 415 4839 Jug.
434 4774 477 4838 31,
498 4775 538 4823 10.
