3320 5742
94 523 188 594 [169]
407 533 508 572 Erasmus
523 544 563 571 von
578 532 703 572 Rotterdam
718 531 762 571 und
777 532 884 572 Martinus
899 531 993 581 Lipsius.
1233 513 1291 577 107

93 706 286 790 Augustino
304 683 418 771 'nostro
442 707 629 792 impendere
654 706 777 782 scribis,
800 706 951 791 publicae
976 707 1191 770 studiosorum
1213 706 1293 769 utili-

93 815 150 875 tati
174 812 263 877 adeo
287 812 472 898 profuturos
496 813 613 889 iudico,
637 822 673 875 ut
695 814 870 874 etiamnum
893 833 996 896 paene
1020 811 1132 895 religio
1156 812 1233 874 mihi
1253 812 1294 874 sit

93 917 134 981 ad
159 927 193 980 te
219 918 375 994 scribere,
408 917 494 1002 quod
526 918 579 980 vel
601 917 761 981 tantillum
784 925 815 979 te
838 916 880 979 ab
904 939 1000 1001 opera
1023 926 1088 979 tam
1112 917 1293 980 necessario

93 1046 236 1088 auocare
253 1025 491 1109 pertimescam.
516 1024 600 1087 Nam
609 1023 810 1106 Augustinus
823 1031 932 1086 noster
945 1022 1013 1105 (vel
1024 1023 1123 1085 inuito
1136 1022 1291 1107 Erasmo),

94 1129 182 1212 quod
213 1130 260 1192 ad
292 1151 369 1191 vere
400 1128 608 1193 christianam
631 1128 824 1211 theologiam
846 1129 968 1204 attinet,
1001 1129 1084 1190 inter
1107 1148 1217 1190 omnes
1240 1149 1293 1189 ve·
1328 1125 1330 1134 '

94 1241 180 1296 teres
206 1233 376 1317 theologos
400 1235 542 1297 omnium
558 1235 699 1296 maxime
716 1233 834 1315 dignus
850 1242 907 1309 611,
933 1233 1024 1295 cuius
1039 1233 1119 1295 ratio
1135 1231 1293 1296 habeatur

93 1339 296 1423 minimeque
320 1341 451 1416 sinatur,
475 1348 511 1403 111
533 1339 574 1402 ob
598 1339 736 1402 alienam
758 1339 927 1415 inscitiam,
952 1360 1034 1422 qnae
1058 1360 1091 1400 se
1115 1339 1176 1400 viri
1198 1337 1292 1400 huius

93 1441 380 1507 lucubrationibus
404 1445 646 1507 effrenatissima
670 1444 852 1519 immiscuit,
884 1442 972 1526 apud
994 1463 1091 1506 verae
1114 1441 1292 1525 theologiae

96 1547 259 1611 studiosos
284 1548 403 1612 diutius
426 1547 508 1611 male
531 1548 650 1612 audiat.
675 1548 747 1611 Non
771 1547 893 1624 dubito,
918 1549 995 1631 quin
1018 1563 1146 1610 mecum
1162 1548 1291 1628 sentias,

95 1651 172 1714 dum
196 1654 326 1735 integro
349 1652 468 1716 iudicio
483 1652 564 1736 legis
579 1654 680 1736 ipsius
697 1652 860 1738 opuscula,
886 1653 995 1736 specie
1012 1651 1144 1737 quidem
1158 1652 1290 1727 minuta,
1328 1654 1330 1658 ’

97 1778 211 1820 verum
236 1758 418 1821 eruditione
441 1780 567 1841 magna,
593 1758 633 1821 de
657 1758 772 1842 spiritu
794 1767 827 1820 et
848 1757 950 1833 litera,
975 1756 1016 1819 de
1038 1755 1110 1840 lege
1131 1765 1164 1819 et
1178 1757 1290 1840 gutia,

96 1862 172 1925 item
197 1851 314 1926 contra
329 1862 529 1946 Pelagianos,
555 1872 762 1946 caeterosque
786 1862 932 1925 eiusdem
955 1861 1077 1924 farinae
1101 1861 1234 1938 libellos,
1258 1862 1292 1924 in

97 1965 215 2048 quibus
238 1967 320 2030 mihi
343 1977 410 2031 tam
431 1990 512 2053 pure
536 1967 748 2052 apostolicum
771 1968 918 2051 spiritum
940 1967 1068 2051 assequi
1092 1966 1228 2042 videtur,
1256 1976 1292 2029 ut

98 2068 149 2132 vel
172 2070 207 2133 hi
231 2071 292 2135 soli
309 2094 372 2135 non
387 2071 574 2155 ambiguam
589 2071 667 2134 mihi
683 2071 803 2134 faciant
817 2069 925 2148 fidem,
950 2070 1037 2154 quod
1052 2070 1153 2134 multa
1171 2072 1291 2154 gnesiis

78 2185 81 2192 ’
99 2173 276 2258 Augustini
300 2176 452 2260 operibus
474 2176 720 2252 adcenseantur,
745 2197 828 2260 quae
850 2174 904 2237 uel
926 2174 1210 2260 pseudepigrapha
1229 2177 1292 2238 sint

98 2278 149 2341 rel
178 2282 324 2344 maxime
355 2282 467 2344 vitiata
498 2280 551 2343 vel
582 2290 669 2344 certe
699 2281 760 2365 ipsi
784 2280 967 2363 Augustino
997 2281 1030 2342 in
1059 2302 1093 2342 re
1117 2280 1292 2344 christiana

99 2383 276 2448 admodum
307 2384 470 2470 neophyto
502 2386 565 2447 sint
593 2385 784 2469 conscripta.
830 2383 895 2446 Sed
919 2383 959 2446 de
982 2383 1032 2446 his
1056 2383 1204 2448 omnibus
1227 2387 1291 2448 aui-

101 2487 230 2552 dissime
255 2490 491 2574 praestolamur
512 2498 603 2553 tuum
626 2489 790 2553 iudicium.
814 2489 875 2570 περὶ
897 2497 951 2550 τῶν
969 2491 1145 2570 Γερμανικῶν
1165 2497 1290 2566 actumst

100 2612 179 2674 quae
203 2595 236 2656 in
260 2593 360 2657 literis
384 2596 446 2658 tuis
469 2595 582 2658 audire
606 2594 801 2678 postulabas,
825 2616 890 2657 non
912 2593 1018 2656 habeo
1041 2593 1119 2677 quid
1140 2594 1289 2658 scribam.

99 2694 169 2760 Non
193 2699 336 2782 quidem,
363 2699 449 2783 quod
473 2700 601 2762 omnino
624 2698 712 2762 nulla
735 2699 807 2774 sint,
837 2701 915 2760 ἀλλὰ
938 2699 983 2759 διὰ
1012 2700 1095 2772 1611ςῖ
1125 2701 1290 2776 ψευδοδιδα-

101 2805 218 2876 aaron
241 2806 305 2876 τοὺς
327 2807 490 2886 ἡμετέρους,
523 2805 578 2887 qui
600 2804 673 2866 istic
696 2813 731 2866 ut
753 2803 858 2879 audin,
893 2802 979 2889 quod
1009 2803 1051 2866 ad
1081 2804 1162 2867 haec
1186 2803 1292 2868 studia

99 2908 219 2984 attinet,
252 2910 448 2989 συκοφαντικὴν
479 2917 717 2972 sacrosanctam
752 2917 881 2971 strenue
915 2907 1115 2992 profitentur.
1161 2908 1291 2993 Alioqui

98 3012 240 3076 nondum
265 3015 342 3077 satis
365 3014 517 3098 intelligo,
542 3013 582 3076 de
607 3013 724 3098 quibus
747 3023 783 3076 tu
797 3017 900 3086 καινοῖς
915 3013 1064 3097 loquaris.
1089 3011 1140 3076 Ac
1156 3015 1289 3099 proinde

98 3137 135 3176 ne
158 3139 211 3179 me
235 3118 335 3182 veluti
353 3141 447 3182 sorex
463 3120 531 3208 ipse
547 3118 708 3203 prodam,³
730 3118 813 3181 malo
830 3117 908 3180 nihil
923 3119 956 3180 in
971 3120 1154 3202 praesentia
1170 3118 1210 3181 de
1227 3117 1288 3181 illis

99 3241 193 3302 agere
219 3243 318 3306 quam
341 3245 379 3286 ea
402 3222 607 3306 respondere,
639 3244 721 3307 quae
754 3222 796 3285 ad
824 3222 1023 3286 stomachum
1046 3233 1136 3286 tuum
1159 3224 1290 3285 minime

98 3321 231 3389 forsitan
263 3335 371 3391 6116111
400 3326 518 3390 futura.
564 3328 713 3411 Expecto
740 3328 838 3410 igitur
861 3327 1083 3391 dilucidiorem
1105 3327 1168 3391 hac
1191 3326 1231 3389 de
1255 3349 1289 3390 re

98 3430 260 3494 noticiam.
293 3430 424 3516 Alioqui
447 3454 512 3495 non
534 3443 601 3496 tam
623 3455 725 3518 parua
748 3441 798 3495 est
819 3432 907 3517 apud
930 3455 982 3495 me
1005 3433 1046 3496 de
1069 3441 1124 3496 tua
1147 3431 1289 3495 humani-

97 3540 160 3595 tate
192 3537 311 3620 opinio,
343 3547 378 3601 ut
407 3558 471 3600 non
503 3538 610 3600 omnia
631 3537 709 3600 mihi
733 3535 820 3621 apud
842 3546 875 3599 te
898 3547 967 3601 tuta
989 3537 1155 3622 pollicear:
1184 3558 1289 3622 neque

98 3637 142 3698 sic
172 3639 254 3702 mihi
287 3641 434 3704 conscius
466 3663 545 3716 111111,
576 3650 612 3704 ut
641 3643 783 3725 pectoris
812 3642 876 3704 mei
907 3664 1027 3704 arcana
1054 3642 1115 3726 piis
1138 3643 1229 3704 iuxta
1251 3663 1290 3704 ac

96 3743 232 3806 eruditis
256 3745 382 3830 aperire
398 3767 521 3808 verear.
550 3746 640 3808 116116
656 3746 738 3823 vale,
763 3746 863 3809 frater
886 3748 918 3809 in
934 3745 1062 3810 Christo
1086 3745 1213 3810 dilecte.
1236 3745 1290 3808 Ex

97 3855 206 3910 nostra
230 3848 347 3912 cellula
369 3851 402 3912 in
425 3849 507 3913 festo
530 3858 661 3913 sanctae
685 3852 799 3913 crucis.
829 3852 921 3930 Quae
936 3852 969 3912 in
985 3850 1035 3913 his
1050 3849 1149 3914 literis
1165 3873 1288 3932 κεκρυμ-

97 3953 167 4023 μένα
184 3952 369 4017 desiderem
384 3954 431 4030 iis,
449 3955 503 4038 qui
516 3954 557 4017 ad
570 3954 832 4018 calumniandum
844 3954 921 4018 facti
934 3954 1115 4039 sculptique
1127 3954 1288 4030 videntur,

96 4074 159 4116 non
182 4078 323 4149 ignoras.

199 4181 256 4232 Ans
275 4183 335 4232 dem
354 4182 418 4232 Ood.
437 4184 502 4234 Hor.
520 4184 551 4233 Α.
570 4202 595 4249 p.
616 4187 664 4233 133
674 4184 692 4234 f.

100 4307 305 4322 “m—-

140 4389 146 4420 ¹
165 4389 204 4439 Es
224 4393 284 4442 sind
304 4392 373 4442 wohl
392 4393 435 4442 die
453 4393 647 4443 Lutherischen
666 4392 914 4459 Angelegenheiten
932 4395 1058 4459 gemeint.

142 4475 151 4507 ²
169 4476 229 4528 τοὶ.
577 4495 578 4498 ’

138 4562 148 4594 ³
165 4496 226 4616 rei.
246 4567 369 4616 Eunueh.
390 4568 421 4618 V.
441 4570 465 4630 6,
484 4569 517 4615 23
537 4567 636 4632 (1024).
