3320 5742
82 561 177 632 [797]
393 572 494 612 Erasmus
508 583 549 611 von
563 572 689 612 Rotterdam
704 572 748 611 und
762 572 869 612 Martinus
883 573 977 622 Lipsius.
1216 557 1277 619 135

82 765 289 840 existimans,
315 764 403 847 quod
427 784 523 846 quam
546 764 640 847 longe
665 765 746 826 sita
769 785 829 840 me,
863 767 953 828 nouit
975 766 1010 842 is,
1043 767 1098 851 qui
1122 774 1282 830 scrutatur

82 877 115 932 et
145 891 245 931 renes
276 878 308 931 et
339 868 446 944 corda,
478 867 567 932 deus.
613 869 736 932 Verum
759 871 819 932 etsi
842 870 999 954 perficere
1029 868 1150 933 bonum
1172 872 1206 933 in
1229 891 1281 933 me

82 995 148 1036 non
164 975 304 1058 reperio,
328 972 412 1036 velle
428 983 546 1048 tamen,
570 972 681 1049 fateor,
705 973 833 1037 adiacet
854 974 942 1037 mihi.
976 974 1026 1037 Ne
1049 983 1158 1038 autem
1174 977 1281 1060 cupito

82 1077 249 1142 frauderis
271 1087 356 1154 voto,
389 1077 475 1163 quod
502 1079 575 1161 pius
598 1077 745 1141 dominus
768 1100 827 1164 per
849 1099 940 1142 suam
963 1079 1149 1162 dignabitur
1171 1079 1282 1162 largiri

82 1185 235 1268 gratiam,
260 1205 318 1268 pro
342 1182 520 1246 eruditione
543 1183 589 1246 tui
612 1182 821 1246 libentissime
837 1185 1012 1268 impartiar.
1040 1182 1140 1247 Cibus
1163 1185 1280 1268 itaque,

83 1311 149 1374 quo
174 1296 208 1352 te
232 1287 439 1373 spiritualiter
464 1287 538 1351 volo
568 1286 667 1364 refici,
700 1309 816 1373 corpus
848 1297 897 1351 est
928 1288 1047 1351 domini
1079 1289 1180 1353 nostri
1202 1289 1284 1354 Jesu

84 1393 224 1473 Christi3
248 1400 351 1476 potus,
377 1412 474 1477 quem
496 1400 528 1454 te
551 1391 664 1455 bibere
688 1392 845 1470 desidem,
872 1394 1001 1476 sanguis
1025 1402 1081 1470 est,
1108 1415 1203 1478 quem
1226 1395 1282 1456 im-

83 1498 269 1564 maculatus
292 1496 345 1562 ille
368 1517 470 1580 agnus
492 1496 525 1559 in
548 1518 605 1560 ara
628 1498 732 1560 crucis
755 1518 813 1581 pro
836 1497 929 1561 nobis
953 1497 1075 1561 effudit.
1115 1496 1283 1562 siveram

84 1604 175 1668 hunc
200 1603 311 1666 cibum
334 1623 409 1665 cum
430 1601 540 1665 debita
569 1601 674 1692 cordis
706 1610 737 1664 et
768 1603 909 1686 corporis
939 1603 1079 1687 puritate
1109 1605 1283 1688 sumpseris

85 1719 118 1772 et
141 1708 315 1772 efficacem
344 1707 431 1771 hunc
462 1715 583 1791 potum,
616 1729 679 1792 qua
711 1706 813 1784 decet,
845 1709 1027 1771 reuerentia
1056 1708 1187 1786 biberis,
1219 1731 1284 1772 non

84 1815 150 1877 iam
181 1822 216 1875 te
246 1810 432 1896 paruulum,
469 1811 525 1874 sed
555 1812 661 1875 virum
694 1811 875 1896 perfectum
906 1820 938 1875 et
967 1834 1041 1876 mea
1073 1815 1283 1878 instructione

84 1916 272 1981 nullatenus
296 1923 445 1998 egentem
468 1915 654 1979 aestimabo.
682 1915 722 1979 In
744 1916 806 1980 hoc
830 1916 989 2001 siquidem
1011 1918 1158 1982 conuiuio
1182 1919 1208 1980 si
1231 1917 1284 1980 de-

85 2005 208 2087 lectata
231 2021 327 2084 fuerit
350 2021 457 2083 anima
479 2029 544 2096 tua,
576 2019 688 2104 procul
719 2019 817 2084 dubio
841 2023 1026 2106 experietur
1047 2024 1081 2085 in
1104 2045 1141 2086 eo
1164 2044 1284 2086 manna

85 2126 317 2191 absconditum
353 2125 508 2210 spirituali
543 2125 651 2188 fructu
687 2133 718 2188 et
753 2127 909 2212 sapientia
940 2125 1069 2190 salutari
1099 2127 1284 2192 redundans

86 2241 127 2308 et,
151 2229 309 2316 quicquid
325 2229 474 2294 alicunde
491 2234 624 2314 quaerit,
646 2229 691 2293 ibi
707 2229 829 2293 affatim
844 2232 995 2294 inueniet.
1027 2232 1132 2316 Igitur
1148 2235 1284 2319 quoties-

86 2357 219 2420 cunque
253 2335 295 2398 ad
330 2334 523 2420 dominicam
557 2355 670 2410 cenam
705 2337 898 2417 accesseris,
937 2337 1068 2400 attende
1103 2337 1282 2421 diligenter,

87 2462 175 2526 quae
198 2448 230 2502 et
253 2448 373 2524 quanta
395 2448 602 2524 apponuntur
624 2439 692 2516 tibi,
717 2448 749 2503 et
772 2441 861 2518 scito,
887 2440 973 2526 quod
995 2441 1072 2504 talia
1090 2451 1122 2504 te
1138 2450 1285 2526 oporteat

86 2565 301 2630 praeparare:
325 2542 386 2606 hoc
409 2553 466 2620 est,
492 2545 574 2607 sicut
590 2542 735 2608 Christus
751 2567 809 2629 pro
825 2544 917 2608 uobis
941 2568 1055 2630 passus
1078 2567 1117 2610 ac
1140 2555 1283 2612 mortuus

88 2659 138 2713 est
151 2659 196 2713 'et
218 2653 404 2726 resurrexit,
428 2650 473 2712 ita
496 2658 528 2711 et
550 2659 581 2712 te
605 2658 730 2734 oportet
752 2649 891 2713 aduersa
914 2651 1079 2735 quaelibet
1101 2652 1142 2715 ob
1166 2649 1284 2716 Christi

88 2776 235 2820 amorem
258 2757 419 2840 patienter
440 2753 587 2835 tolerare,
612 2755 697 2816 vitiis
721 2763 753 2816 et
776 2757 1045 2842 concupiscentiis
1067 2757 1148 2820 mori
1172 2765 1204 2820 et
1226 2778 1285 2843 per

88 2863 177 2925 vitae
200 2861 376 2924 nouitatem
400 2860 467 2922 siue
491 2859 706 2922 innocentiam
729 2859 762 2921 in
785 2868 818 2923 et
840 2883 914 2924 cum
930 2859 1057 2934 Christo
1080 2862 1217 2946 gloriose
1238 2883 1284 2924 re-

90 2985 233 3049 surgere.
272 2963 404 3047 Rogasti
421 2961 568 3047 denique,
594 2964 619 3025 si
636 2963 714 3048 quid
728 2965 762 3026 in
778 2966 905 3050 scriptis
929 2967 991 3030 tuis
1013 2967 1082 3029 vitii
1106 2965 1284 3050 deprehen-

90 3055 212 3146 derem,
239 3068 271 3131 id
295 3066 353 3130 tibi
376 3068 538 3130 insinuare
562 3066 669 3130 velim.
698 3068 816 3132 Fateor
838 3059 977 3132 minima
992 3069 1070 3133 mihi
1086 3093 1164 3134 cura
1180 3079 1228 3133 est
1245 3069 1284 3134 de

89 3174 312 3250 barbarismis,
344 3171 539 3236 soloecismis
567 3175 746 3258 ceterisque
770 3174 1000 3256 grammaticae
1023 3175 1118 3251 vitiis,
1143 3176 1285 3238 maxima

90 3288 202 3344 autem
218 3278 259 3341 de
283 3280 390 3341 anima
412 3288 476 3354 tua,
501 3298 542 3339 ne
561 3277 714 3340 videlicet
736 3287 792 3341 aut
815 3279 913 3341 errori
936 3277 1031 3341 alicui
1055 3279 1207 3362 pestifero
1230 3289 1285 3342 aut

90 3387 170 3448 vitio
195 3383 360 3447 subiaceat
389 3383 496 3456 noxio.
542 3381 585 3444 Et
607 3381 648 3445 ob
672 3381 705 3446 id
729 3383 1006 3446 commonefacere
1029 3393 1061 3446 te
1085 3382 1224 3461 decreui,
1248 3393 1284 3448 ut

89 3488 222 3554 assidue
245 3510 352 3550 sacras
375 3486 464 3570 legas
487 3495 519 3549 et
541 3487 684 3550 rumines
708 3488 892 3572 scripturas,
927 3497 1085 3572 quatenus
1109 3509 1151 3551 ex
1174 3510 1285 3551 earum

90 3593 281 3658 assiduitate
312 3601 344 3654 et
373 3595 446 3678 pius
488 3591 608 3655 suadas
640 3600 671 3654 et
702 3592 854 3656 eruditus.
907 3592 992 3656 Nam
1022 3603 1058 3656 ut
1088 3593 1285 3678 spiritualem

91 3708 270 3784 suggerunt
303 3687 560 3761 aedificationem
592 3698 838 3780 ruminantibus,
873 3699 918 3762 ita
945 3708 977 3761 et
1010 3698 1285 3783 grammaticalem

90 3803 250 3892 praebent
274 3803 477 3887 disciplinam
505 3804 677 3866 memoriae
708 3803 947 3867 mandantibus,
992 3803 1107 3889 Itaque
1131 3805 1156 3866 si
1179 3804 1212 3867 in
1235 3804 1283 3880 iis,

91 3931 175 3995 quae
206 3908 364 3994 praedixi,
395 3916 426 3970 te
458 3929 516 3992 pro
547 3916 602 3970 tua
632 3907 715 3970 virili
746 3909 940 3985 exercueris,
976 3919 1008 3972 et
1037 3909 1222 3993 ingrediens
1253 3918 1284 3972 et

90 4012 262 4096 egrediens
287 4012 462 4097 spiritualia
485 4013 612 4076 animae
635 4021 710 4075 tuae
732 4034 854 4098 pascua
878 4034 1006 4098 semper
1031 4015 1186 4090 inuenies,
1219 4015 1285 4099 qui-

90 4119 154 4183 bus
185 4119 290 4202 ipsam
319 4117 445 4180 reficias
476 4126 508 4179 ct
539 4117 689 4194 oblectes,
723 4139 809 4181 nunc
833 4116 951 4182 Christi
981 4117 1213 4183 humanitatem
1246 4143 1286 4184 ac

90 4226 262 4286 innumera
285 4225 353 4286 eius
376 4224 409 4285 in
432 4232 463 4284 te
482 4222 650 4300 beneficia,
675 4245 761 4287 nunc
777 4245 853 4286 vero
870 4223 935 4286 alta
951 4245 1027 4287 suae
1044 4224 1285 4309 incomprehen-

92 4327 195 4392 sibilis
218 4327 394 4392 diuinitatis
415 4326 662 4412 contemplando
678 4337 711 4389 et
725 4326 766 4390 de
781 4327 831 4390 his
848 4327 996 4391 omnibus
1012 4329 1132 4412 gratias
1148 4329 1283 4412 agendo.

90 4423 235 4496 Necesse
258 4442 365 4495 tamen
389 4429 527 4507 esttibi,
552 4433 607 4516 qui
630 4430 737 4494 adhuc
759 4430 942 4516 neophytus
966 4453 1009 4508 es,
1035 4442 1128 4495 caute
1155 4455 1194 4496 ac
1220 4455 1285 4497 mo-

92 4537 204 4601 derate
227 4546 259 4600 et
283 4558 356 4599 eum
377 4537 537 4599 seniorum
553 4536 684 4600 consilio
699 4537 732 4599 in
748 4536 797 4600 his
814 4536 967 4621 teipsum
983 4558 1145 4614 exercere,
1169 4559 1211 4602 ne
1227 4559 1285 4622 pro

92 4641 180 4705 dulci
203 4641 320 4726 butyro
344 4641 534 4724 sanguinem
558 4641 761 4726 coagulatum
784 4663 843 4726 per
863 4641 1109 4706 immoderatum
1125 4642 1285 4706 feruorem

93 4747 203 4812 elicias
227 4756 259 4810 et
288 4748 333 4810 ita
364 4744 465 4832 (quod
489 4745 596 4833 absit).
620 4756 653 4810 et
682 4746 741 4810 tibi
765 4755 797 4810 et
818 4747 890 4810 aliis
912 4746 1064 4812 molestus
1088 4755 1144 4812 aut
1165 4747 1285 4818 inutilis
