3372 5768
110 523 219 598 [699]
425 535 526 577 Erasmus
539 546 581 577 von
595 535 720 578 Rotterdam
734 535 779 576 und
792 535 899 576 Martinus
913 535 1008 586 Lipsius.
1270 520 1309 583 3Ῑ

110 735 181 778 me
194 723 276 780 tuae
298 713 527 798 magnitudine,
561 715 619 779 sed
640 737 699 800 pro
722 714 883 780 facultatis
913 736 1004 779 meae
1030 713 1169 779 modulo.
1215 713 1311 794 Quod

112 828 235 883 autem
257 820 291 882 in
314 818 402 883 calce
425 819 589 884 literarum
610 819 754 905 postulas
776 841 907 905 operam
929 840 1044 897 meam,
1067 818 1101 883 id
1123 828 1159 884 tu
1181 819 1311 904 quidem

113 923 266 988 candide
286 946 336 990 ac
364 923 509 989 modeste
537 947 596 1009 pro
626 934 681 989 tuo
710 925 850 1009 ingenio,
883 924 941 988 sed
970 945 1084 988 vereor
1113 945 1155 988 ne
1183 924 1310 989 frustra.

113 1028 230 1094 Totus
244 1029 315 1114 ipse
330 1029 443 1093 alienis
458 1050 546 1113 egeo.
570 1029 613 1093 Et
635 1031 706 1114 quis
728 1052 749 1093 a
769 1028 857 1094 nudo
880 1029 1093 1094 vestimenta?
1116 1030 1190 1094 Non
1204 1039 1311 1115 potest

115 1133 208 1198 alios
231 1133 342 1210 ditare,
367 1136 421 1218 qui
448 1133 509 1198 sibi
531 1143 616 1198 totus
646 1135 748 1219 inops.
793 1135 931 1199 Veniam
953 1133 995 1198 ad
1017 1133 1131 1199 horam
1158 1136 1312 1220 praescri-

114 1248 226 1324 ptam,
250 1239 311 1303 nisi
334 1239 509 1303 necessitas
532 1239 700 1304 obstiterit.
745 1238 828 1304 Nolo
850 1249 967 1316 tamen,
999 1240 1086 1324 quod
1107 1239 1141 1303 in
1163 1238 1312 1304 manibus

117 1353 185 1421 est,
210 1343 380 1427 relinquas.
403 1342 476 1408 Non
499 1343 663 1428 adstringo
686 1343 794 1422 fidem,
816 1345 878 1408 nisi
902 1365 940 1408 ea
962 1343 1152 1409 conditione.
1183 1342 1265 1407 Vale
1281 1353 1313 1406 et

117 1470 179 1514 me
203 1449 378 1513 amicorum
400 1470 533 1513 numero
556 1448 699 1533 dignare.

231 1570 287 1621 Aus
304 1570 364 1622 dem
383 1571 447 1622 (lod.
465 1573 530 1624 Hor.
548 1571 579 1622 A.
598 1589 624 1638 p.
643 1571 704 1622 54ss

672 1795 767 1860 XIX.

353 1996 391 2051 D.
416 1995 569 2052 Martlno
592 1995 726 2063 nypsio
749 1995 925 2052 Gerardus
949 1996 1085 2052 Riuius.

230 2179 351 2257 Habes,
386 2181 437 2243 vir
469 2181 682 2263 integerrime,
717 2180 803 2264 quod
837 2179 1042 2244 desiderasti:
1076 2189 1239 2244 caeterum
1272 2201 1314 2243 an

122 2287 212 2351 votis
234 2306 463 2370 responsunum
487 2285 535 2361 sit,
559 2283 709 2368 equidem
731 2285 851 2368 ignoro.
890 2283 960 2348 lmo
983 2305 1060 2347 vero
1077 2285 1103 2346 si
1118 2305 1187 2348 rem
1209 2285 1313 2368 ipsam

124 2400 322 2477 spectemus,
347 2389 372 2452 si
388 2388 634 2473 praerancidam
649 2388 834 2465 exilitatem,
852 2410 916 2452 non
932 2397 1038 2473 potest
1053 2398 1117 2452 non
1133 2387 1312 2473 displicere.

124 2497 174 2562 At
197 2497 222 2559 si
245 2493 419 2558 candorem
440 2503 531 2558 tuum
554 2515 592 2557 ao
615 2514 737 2557 meram
758 2493 1026 2572 beneuolentiam‚
1056 2515 1138 2578 quae
1160 2493 1238 2558 mihi
1260 2516 1314 2578 po·

123 2601 286 2665 tissimum
308 2600 341 2663 in
363 2598 448 2664 hanc
470 2620 539 2662 rem
562 2597 705 2662 stimulos
729 2598 881 2676 subdidit,
914 2600 979 2663 scio
995 2598 1098 2692 'quod
1126 2600 1314 2683 neutiquam

123 2709 290 2790 ingratum
319 2704 463 2768 futurum
493 2704 534 2767 sit
566 2702 627 2767 hoc
661 2700 827 2768 amiciciae
860 2712 988 2768 nostrae
1021 2702 1194 2768 xeniolum.
1239 2703 1314 2768 Non

125 2809 216 2896 quod
239 2832 281 2873 ex
304 2830 375 2872 sese
397 2799 527 2894 probari
550 2817 719 2886 mereatur,
753 2809 809 2872 sed
833 2809 1101 2886 circumstantiae,
1134 2808 1191 2872 sed
1214 2830 1312 2886 amor,

126 2915 188 2980 sed
210 2915 343 2978 comitas
365 2912 507 2997 benigna
536 2923 568 2977 et
591 2914 689 2977 comis
719 2914 902 2998 benignitas
932 2913 1137 2999 splendorem
1167 2912 1212 2976 illi
1242 2935 1314 2977 con-

125 3019 293 3084 ciliabunt.
338 3017 454 3082 Visum
477 3027 526 3082 est
548 3028 656 3082 autem
679 3017 774 3082 latius
795 3019 829 3081 in
851 3017 901 3081 his
924 3018 997 3082 uela
1020 3018 1193 3103 explicare,
1218 3028 1262 3095 ut,
1287 3020 1315 3082 si

122 3125 291 3188 reiiciatur
324 3145 433 3200 unum,
464 3123 647 3208 proximum
677 3124 718 3186 sit
747 3123 884 3187 alterum
914 3124 1065 3209 arripere.
1111 3122 1316 3209 Quamquam

122 3229 215 3293 enim
246 3226 375 3292 sordida
406 3237 438 3291 et
468 3226 651 3292 subrustico
680 3237 754 3291 sunt
783 3229 898 3306 omnia,
930 3248 1012 3313 quae
1034 3249 1054 3290 a
1076 3249 1168 3292 musa
1197 3229 1316 3291 rustica

122 3334 385 3422 proficiscuntur,
411 3332 491 3398 solet
512 3343 621 3398 tamen
643 3335 676 3397 in
698 3356 816 3418 magno
839 3333 966 3399 cumulo
982 3354 1212 3418 nonnunquam
1234 3355 1314 3410 esse,

124 3439 218 3525 quod
233 3446 301 3503 tum
317 3439 358 3501 sit
373 3437 576 3514 elaboratius,
600 3447 669 3502 tum
684 3438 918 3524 praestabilius,
942 3448 1022 3503 teste
1038 3439 1188 3502 nimirum
1206 3447 1317 3502 uetere

122 3544 301 3632 prouerbio
323 3545 446 3605 πολλάκι
468 3543 515 3604 καὶ
537 3546 685 3627 κήπωρος1
710 3546 777 3626 ἀνὴρ
800 3548 879 3623 palia
901 3546 1005 3627 καίριον
1029 3540 1129 3607 εἶπεν)
1171 3543 1236 3608 Sed
1252 3545 1316 3609 iam

121 3670 239 3714 narsus
276 3647 356 3712 alius
394 3648 537 3712 animum
575 3648 745 3734 scrupulus
783 3649 921 3714 detinet„
967 3648 1250 3729 Quemadmodum
1283 3651 1316 3712 in

121 3752 330 3831 animalibus,
366 3776 501 3839 quorum
534 3756 733 3819 numerosior
763 3764 812 3819 est
841 3766 961 3841 partus,
997 3755 1086 3818 aiunt
1116 3777 1212 3840 saepe
1246 3777 1316 3840 pro-

124 3860 254 3944 digiose
276 3869 424 3924 naturam
446 3861 480 3923 in
502 3869 680 3924 monstrum
710 3859 815 3926 abire:
846 3861 891 3925 ita
921 3859 1104 3936 subuereor,
1135 3882 1186 3937 ne,
1218 3881 1316 3944 quum

123 3965 256 4050 copiam
286 3973 433 4050 captasse
464 3964 578 4029 videar
608 3973 640 4028 et
670 3964 839 4051 multiplici
869 3964 1014 4028 eiusdem
1043 3965 1090 4028 rei
1125 3966 1315 4029 tractatione

121 4069 302 4146 laborasse,
333 4071 541 4134 monstrosius
575 4092 706 4154 carmen
736 4069 875 4135 edidisse
904 4091 1046 4134 censear.
1091 4069 1214 4133 Verum
1245 4091 1316 4133 eam

124 4172 260 4258 culpam
293 4195 358 4237 non
392 4196 495 4259 usque
527 4175 609 4239 adeo
644 4175 810 4260 deprecor,
845 4183 1017 4260 propterea
1051 4173 1137 4258 quod
1170 4196 1234 4237 non
1268 4183 1317 4236 est

122 4299 237 4344 meum
260 4277 370 4341 verbis
397 4277 515 4362 frigida
547 4287 579 4342 et
608 4279 715 4342 ieiuna
745 4276 899 4342 attollere.
945 4275 1010 4341 Sed
1041 4287 1148 4340 tamen
1178 4277 1317 4341 occurrit

174 4455 180 4487 ¹
199 4453 236 4503 Er
254 4455 338 4516 meint
356 4449 482 4520 κηπουρὸς.

172 4540 518 4605 ²BeiGellius11.6‚e;
546 4540 593 4590 das
611 4540 773 4606 Sprichwort
794 4539 877 4590 heisst
894 4539 970 4590 aber:
998 4535 1103 4589 πολλάκι
1121 4555 1158 4588 τοι
1176 4537 1215 4588 καὶ
1234 4532 1316 4606 μωρὸς

200 4624 258 4695 ἀνὴρ
278 4624 345 4696 μάλα
363 4624 454 4693 καίριον
474 4627 546 4692 (κατα
565 4625 666 4693 καίριον)
686 4617 748 4676 εἶπεν
769 4627 833 4694 (vgl.
852 4628 931 4693 Diog.
950 4628 1011 4677 VII.
1031 4629 1077 4692 813
1102 4627 1167 4676 Exc.
1186 4641 1218 4676 ex
1236 4625 1316 4691 Diog.

199 4717 246 4768 111.
266 4717 307 4780 68,
325 4714 416 4782 Apost.
435 4715 495 4766 XII.
514 4715 573 4781 69);
591 4729 639 4765 aus
657 4712 697 4764 καὶ
716 4709 799 4784 μωρὸς
817 4717 852 4766 ist
870 4709 983 4782 κηπωρὸς
1002 4714 1170 4766 cantandam
