3320 5742
886 534 1032 574 uorawitz.
1249 528 1251 530 ’
1470 525 1557 597 [170]

879 710 1039 774 LXXIX.

422 874 597 931 Martinus
620 875 772 942 Lypsius
796 875 1039 929 Bruxellensis
1062 876 1190 930 Iacobo
1215 876 1445 931 Cortebaohio
1471 879 1503 930 S.

468 1024 597 1087 Literas
619 1033 692 1088 tuas
715 1046 779 1087 non
803 1024 902 1087 semel
924 1023 997 1107 legi,
1027 1023 1146 1088 Iacobe
1170 1023 1389 1107 dilectissime,
1422 1047 1557 1110 quarum

366 1139 398 1192 et
421 1131 579 1193 suauitate
603 1138 636 1191 01
659 1127 818 1212 elegantia
841 1129 887 1190 sic
910 1129 1045 1192 affectus
1070 1151 1150 1206 sum,
1175 1137 1210 1192 ut
1232 1129 1266 1193 id
1289 1131 1476 1214 exprimere
1498 1151 1556 1192 non

365 1255 491 1318 queam.
537 1235 681 1297 Primum
704 1243 736 1296 te
759 1232 837 1296 mihi
860 1255 991 1317 purgas,
1025 1233 1112 1318 quod
1135 1255 1196 1296 ceu
1218 1233 1461 1318 pollicitationis
1486 1243 1556 1297 11100

366 1361 481 1423 parum
504 1360 627 1402 memor
650 1361 714 1402 non
738 1339 913 1423 scripseris,
938 1359 1086 1401 asserens
1110 1338 1280 1401 molestum
1296 1340 1395 1402 etiam
1410 1347 1444 1401 te
1460 1338 1556 1402 fuisse

366 1441 519 1520 futurum,
533 1444 595 1506 nisi
608 1443 718 1506 nuncii
730 1444 852 1527 pariter
864 1451 895 1505 et
908 1443 969 1505 ocii
982 1444 1232 1526 opportunitate¹
1246 1443 1419 1506 destitutus
1431 1443 1555 1506 fuisses.

364 1546 465 1632 Apud
493 1569 544 1610 me
569 1557 654 1610 certe
678 1547 739 1610 hoc
763 1549 980 1610 excusationis
1003 1546 1185 1610 velamento
1207 1549 1338 1611 minime
1362 1570 1446 1633 opus
1478 1557 1553 1611 erat.

364 1651 561 1736 Experimur
584 1653 670 1715 enim
692 1650 845 1736 quotidie,
870 1672 967 1735 quam
990 1674 1054 1715 non
1078 1654 1118 1714 sit
1140 1651 1262 1714 homini
1283 1654 1317 1715 in
1339 1674 1439 1715 manu
1460 1653 1557 1716 animi

365 1757 449 1819 votis
472 1756 669 1841 respondere
692 1777 752 1841 per
775 1757 890 1820 omnia.
924 1755 1092 1840 Siquidem
1114 1758 1240 1820 animus
1265 1779 1321 1820 suo
1344 1757 1471 1841 impetu
1495 1777 1556 1819 sae-

364 1862 495 1945 pissime
526 1860 628 1924 101101
659 1861 701 1924 ad
732 1883 779 1937 ea,
813 1883 895 1946 quae
927 1862 1030 1946 cupit:
1054 1871 1087 1924 at
1111 1862 1216 1924 carnis
1240 1857 1367 1924 sarcina
1389 1883 1556 1946 nunquam

365 1987 430 2028 non
454 1964 605 2028 deorsum
627 1964 758 2029 trahens
781 1964 927 2050 plurimis
951 1967 1048 2029 etiam
1071 1965 1212 2029 obnoxia
1235 1975 1284 2028 est
1299 1964 1555 2029 necessitatibus.

367 2070 497 2151 Quanta
520 2071 595 2134 hinc
625 2069 719 2134 nobis
743 2069 897 2153 molestia,
931 2092 1014 2155 quae
1038 2069 1208 2148 discordia,
1240 2071 1343 2155 qualis
1366 2070 1464 2148 lucta,
1496 2071 1556 2134 Hei

365 2177 504 2260 quotiesl
520 2176 743 2260 ingemiscere,
768 2175 892 2258 quoties
910 2174 1101 2239 conditionis
1124 2183 1252 2239 nostrae
1273 2174 1491 2238 calamitatem
1507 2174 1556 2238 de-

364 2281 537 2366 ploramus.
561 2279 691 2342 Dehinc
714 2278 755 2342 de
778 2280 894 2342 nostris
917 2262 1082 2344 laboribus
1105 2279 1277 2364 magnifice
1298 2281 1408 2343 sentis.
1433 2280 1556 2344 Verum

365 2385 399 2449 id
421 2383 683 2449 moestitudinem
706 2384 821 2467 potius,
850 2405 948 2467 quarn
971 2385 1126 2469 gaudium
1148 2383 1227 2448 mihi
1249 2385 1361 2468 gignit,
1385 2394 1557 2470 propterea

366 2488 454 2576 quod
476 2511 541 2554 non
563 2499 630 2552 tam
654 2487 791 2551 feliciter
814 2487 960 2551 succedit
982 2497 1133 2573 coeptum
1157 2511 1237 2573 opus
1261 2511 1359 2574 quam
1374 2489 1483 2553 velim.
1517 2489 1556 2552 Et

365 2595 442 2681 quid
465 2596 591 2671 mirum,
616 2615 691 2656 cum
714 2594 771 2656 vix
794 2616 877 2657 unus
900 2592 988 2678 apud
1010 2616 1069 2658 nos
1090 2596 1139 2676 sit,
1166 2595 1218 2657 cui
1242 2593 1444 2678 Augustinus
1469 2593 1556 2657 cordi

365 2701 414 2777 sit,
447 2708 603 2785 quantum
633 2706 700 2762 tam
729 2699 877 2761 immensi
909 2700 1015 2784 operis
1046 2700 1126 2764 ratio
1157 2699 1319 2784 postulat?
1365 2697 1438 2778 Quo
1461 2708 1555 2785 pacto

366 2806 464 2888 igitur
483 2825 555 2887 ego
585 2802 765 2866 imbecillus
795 2802 967 2866 homuncio
998 2805 1095 2866 tantis
1125 2803 1271 2866 ferundis
1302 2802 1470 2868 laboribus
1500 2825 1556 2888 par

367 2929 437 2972 esse
469 2910 607 2994 queam?
651 2905 716 2970 Sed
747 2915 778 2970 et
809 2907 1009 2992 exemplaria
1039 2907 1164 2972 desunt.
1209 2908 1362 2992 Denique
1393 2908 1482 2993 quod
1510 2908 1555 2970 his

367 3013 516 3077 omnibus
540 3011 703 3076 molestius
728 3021 784 3088 est,
813 3033 888 3096 pars
912 3013 1096 3076 exantlatae
1120 3035 1237 3097 operae
1261 3014 1370 3076 nescio
1394 3034 1458 3097 quo
1483 3033 1556 3075 casu

366 3120 470 3204 periit,
501 3126 537 3181 ut
561 3139 603 3180 ex
626 3117 752 3180 Erasini
776 3116 875 3179 literis
898 3116 1051 3201 intelligo.
1097 3117 1195 3205 Hunc
1219 3119 1304 3206 enim
1328 3118 1555 3201 castigatorum

366 3223 524 3286 arbitrum
547 3222 610 3286 feci
633 3221 711 3285 mihi
735 3220 895 3298 diffidens,
921 3223 978 3286 sed
1002 3244 1085 3307 quae
1108 3224 1181 3285 misi
1196 3245 1261 3286 non
1276 3224 1410 3308 recepit.
1436 3223 1555 3286 Verum

365 3329 398 3390 in
421 3328 517 3390 tantis
541 3326 787 3390 difficultatibus
811 3336 844 3389 01
867 3334 986 3390 01100111
1009 3328 1136 3391 sinistro
1160 3328 1254 3411 erigit
1277 3329 1420 3391 animum
1437 3348 1554 3403 meum,

366 3431 454 3517 quod
477 3431 607 3495 videam
629 3453 694 3494 non
719 3432 846 3494 omnino
869 3431 989 3495 frustra
1011 3453 1073 3494 nec
1096 3453 1227 3516 prorsus
1250 3431 1422 3494 infeliciter
1445 3433 1479 3494 in
1500 3430 1555 3494 hac

366 3537 489 3600 harena
511 3546 677 3600 versatum
700 3559 751 3599 me
776 3558 856 3600 esse.
902 3538 971 3600 Iam
996 3547 1150 3622 expertus
1174 3559 1254 3617 sum,
1288 3559 1387 3622 quam
1416 3535 1555 3614 foedum,

367 3663 465 3727 quam
495 3642 653 3723 mutilum,
685 3663 782 3725 quam
815 3642 958 3705 lacerum
991 3641 1168 3705 habeamus
1198 3639 1428 3724 Augustinum.
1476 3639 1555 3703 Proh

366 3769 463 3832 quam
487 3746 698 3831 deprauatam
719 3748 850 3831 repperi
866 3746 1032 3809 musicam.
1060 3745 1167 3825 Quam
1183 3755 1343 3827 truncum,
1361 3745 1449 3830 quod
1465 3745 1557 3830 pluri-

366 3874 454 3916 mum
478 3850 673 3932 demirabar,
698 3849 1005 3932 commentariolum,
1030 3871 1093 3934 quo
1117 3849 1283 3934 epistolam
1307 3850 1349 3914 ad
1372 3849 1556 3914 Romanos3

366 3956 518 4041 explicat,
543 3943 633 4018 cuius
653 3957 778 4018 initium
794 3953 925 4036 ,Sensus
941 3954 973 4017 hi
991 3957 1075 4018 sunt‘
1092 3963 1124 4017 et
1140 3963 1199 4018 cet.
1224 3954 1309 4018 Nam
1323 3964 1359 4017 ut
1375 3954 1415 4017 de
1432 3953 1555 4018 mendis

366 4061 477 4125 sileam
500 4059 602 4122 ferme
625 4061 809 4141 innumeris,
841 4082 926 4123 nunc
956 4060 1076 4144 aliquot
1098 4060 1209 4138 verba,
1240 4082 1327 4122 nunc
1350 4081 1434 4122 unus
1459 4067 1553 4143 atque

366 4167 443 4229 item
474 4164 556 4228 alter
586 4187 708 4241 versus,
740 4186 827 4227 nunc
858 4186 961 4248 paene
994 4173 1078 4228 totae
1103 4166 1349 4248 praetermissae
1373 4174 1467 4227 erant
1491 4185 1556 4225 scn-

366 4270 496 4332 tentiae.
528 4267 699 4332 Caeterum
723 4268 809 4353 quod
833 4269 1007 4353 posthaec
1031 4267 1185 4345 affirmas,
1210 4269 1310 4332 multa
1333 4268 1556 4332 eruditissimis

413 4537 419 4568 ¹
438 4535 628 4601 oportunitate.

410 4624 420 4656 ²
437 4625 543 4689 quoties
561 4625 620 4671 est?

408 4711 418 4745 ³
436 4711 596 4762 Rhomanos.
