3320 5742
97 540 194 612 [755]
408 551 509 590 rrasmus
523 562 564 591 von
575 544 704 592 'uotteroam
719 551 762 592 und
777 551 885 592 Martinus
899 551 994 601 Lipsius.
1255 538 1296 600 93

95 727 217 791 thecae
241 727 376 790 vetustis
401 726 567 790 codicibus
591 727 737 790 conferre
760 750 824 791 non
847 749 1010 811 grauarer.
1051 727 1122 792 lam
1145 729 1239 803 enim,
1263 729 1297 792 ni

95 850 153 894 me
169 830 251 896 fallit
272 833 370 896 animi
394 832 588 912 coniectura,
613 830 672 895 tibi
694 853 901 916 persuaseras
923 831 1068 896 nonnihil
1091 855 1297 896 accessurum

96 935 312 1000 emolumenti
327 935 425 1000 rebus
441 937 489 1013 iis,
514 937 547 998 in
564 927 682 1021 quibus
697 935 793 1021 paulo
814 931 888 1000 anie
912 936 971 1000 abs
994 945 1026 1000 te
1049 937 1297 1001 laboriosissime

96 1040 255 1123 sudatum
278 1048 354 1104 erat.
400 1041 524 1104 Verum
540 1063 582 1104 au
597 1042 642 1104 ita
657 1043 810 1118 euenerit,
835 1052 889 1106 tuo
909 1037 997 1106 haud
1019 1040 1180 1106 illibenter
1202 1043 1297 1105 relin-

96 1167 168 1230 quo
191 1145 319 1209 iudicio.
358 1145 397 1209 Id
419 1138 526 1209 tamen
549 1168 614 1209 non
637 1147 742 1209 minus
765 1168 842 1209 vere
866 1168 963 1231 quam
986 1145 1087 1222 libere
1110 1169 1297 1210 asseuerare

93 1271 242 1334 possum,
267 1271 319 1312 me
343 1248 453 1313 sedulo
476 1249 626 1334 bonaque
648 1249 712 1312 fide
737 1261 888 1314 conatum
916 1273 995 1328 esse,
1009 1297 1011 1300 ψ
1027 1261 1063 1314 ut
1086 1251 1173 1337 quod
1198 1273 1296 1336 popo-

96 1376 211 1417 sceras
230 1363 438 1439 praestarem.
477 1354 576 1418 Porro
598 1356 681 1416 inter
702 1354 937 1429 conferendum
955 1355 1154 1441 deprehendi
1170 1356 1297 1418 verissi-

95 1480 192 1522 mum
216 1480 295 1534 esse,
321 1459 407 1542 quod
430 1459 472 1522 ad
494 1459 666 1522 Paulinum
691 1458 835 1522 scribens
859 1460 952 1524 diuus
976 1459 1114 1523 affirmat
1137 1459 1294 1545 Hierony-

95 1584 184 1639 mus,
211 1585 318 1626 sacros
341 1562 494 1627 uidelicet
515 1563 613 1627 libros
637 1563 724 1627 huno
747 1565 780 1626 in
803 1565 934 1628 modum
949 1587 1060 1628 versos
1081 1565 1198 1650 partim
1213 1565 1297 1628 uioio

96 1669 316 1752 interpretum
339 1689 378 1730 ao
401 1669 518 1753 partim
549 1667 589 1732 de
612 1668 778 1731 industria.
825 1667 991 1754 Siquidem
1013 1669 1171 1732 industria
1194 1668 1297 1732 videri

96 1782 218 1856 potest,
251 1771 337 1857 quod
362 1771 472 1835 humili
497 1769 652 1835 simulac
677 1770 813 1856 simplici
837 1773 907 1836 stilo
931 1773 1009 1837 editi
1033 1784 1115 1850 sunt,
1147 1774 1298 1837 nimirum

96 1885 138 1939 ut
170 1876 315 1940 doctrina
339 1865 487 1941 omnibus
510 1899 678 1960 exaequo
702 1879 880 1941 communis
903 1877 982 1941 nulli
1006 1900 1070 1942 non
1093 1879 1190 1942 etiam
1213 1889 1298 1942 esset

95 1981 269 2045 intellectu
289 1981 402 2046 facilis.
440 1982 486 2045 Ut
502 2004 579 2045 vero
595 1982 628 2044 id
644 1980 731 2044 haud
747 1982 907 2064 grauatim
923 1982 1094 2046 tribuimus
1109 1981 1295 2059 industriae,

95 2089 148 2148 ita
171 2086 401 2151 translatorum
433 2088 517 2150 uicio
547 2087 707 2171 imputare
732 2087 877 2170 cogimur
899 2086 1134 2172 amphibolias²
1160 2087 1298 2172 plerum-

99 2212 167 2274 que
192 2191 304 2255 obuias
328 2200 361 2254 et
384 2191 596 2267 soloecismos,
622 2189 760 2274 denique
776 2212 874 2254 voces
897 2189 1027 2275 aliquot,
1052 2213 1187 2276 quarum
1210 2191 1298 2276 apud

96 2294 222 2380 probos
245 2306 373 2360 autores
395 2293 502 2360 nullus
530 2305 580 2359 est
604 2317 691 2372 usus,
725 2315 805 2379 quas
835 2283 943 2362 tamen
972 2297 1182 2382 interpretem
1211 2295 1298 2359 huuc

97 2401 303 2485 (quicunque
325 2402 352 2463 is
375 2400 469 2480 fuit)l
492 2401 681 2486 reperimus.
727 2399 772 2463 At
798 2400 878 2464 nihil
904 2401 1019 2466 horum
1045 2402 1215 2466 immutare
1243 2410 1298 2464 aut

98 2505 265 2589 corrigere
288 2507 358 2569 ausi
381 2529 491 2570 sumus
513 2515 703 2586 metuentes,
735 2527 777 2569 nc
801 2515 1004 2591 corruptores
1027 2505 1173 2571 falsarios
1192 2507 1298 2591 potius

99 2632 202 2696 quam
233 2620 429 2674 correctores
459 2633 517 2674 nos
548 2631 619 2674 esse
643 2610 845 2674 clamitarent
867 2611 1008 2695 quidam.
1054 2611 1169 2688 Index,
1203 2631 1299 2695 quem

99 2713 292 2798 desyderas,
323 2715 498 2779 adornatur
528 2715 644 2778 adhuc.
690 2715 809 2779 Veniet
839 2715 881 2778 ad
911 2725 943 2777 te
972 2715 1066 2779 simul
1088 2724 1185 2801 atque
1209 2715 1299 2778 illum

99 2818 286 2883 absoluero.
332 2820 465 2895 Verum,
498 2827 534 2883 ut
556 2841 642 2883 nunc
665 2819 763 2883 finem
785 2821 949 2905 imponam
977 2820 1140 2905 epistolae,
1173 2821 1199 2883 si
1223 2818 1300 2904 quid

99 2949 120 2988 a
148 2923 243 2988 nobis
276 2926 466 3010 praestitum
498 2933 554 3006 est,
583 2925 627 2987 mi
649 2923 781 3005 Alarde,
809 2924 843 2987 id
866 2923 925 2987 tibi
948 2927 1060 3008 magis,
1093 2927 1147 3010 qui
1171 2947 1300 3011 eompu-

100 3029 180 3104 listi,
199 3049 295 3113 quam
311 3028 397 3106 mihi,
422 3031 476 3112 qui
499 3039 675 3113 utcumque
699 3051 822 3092 morem
844 3031 939 3112 gessi,
964 3028 1097 3092 debebit
1119 3032 1299 3115 posteritas.

101 3133 157 3196 Tu
180 3135 265 3196 enim
289 3135 356 3196 sine
380 3133 471 3196 nobis
495 3118 633 3218 quiduis,
658 3144 690 3196 at
705 3155 764 3197 nos
781 3135 841 3196 nisi
864 3143 896 3196 te
920 3137 1106 3219 cooperario
1130 3133 1210 3197 nihil
1229 3157 1300 3219 pos-

103 3261 227 3302 sumus.
266 3237 398 3322 Aliquid
421 3250 538 3319 tamen,
562 3249 598 3302 ut
620 3241 688 3323 ipse
711 3239 805 3319 nosti,
830 3236 967 3302 debetur
981 3237 1072 3302 fratri
1088 3247 1196 3302 nostro
1215 3237 1302 3301 Hen-

102 3345 174 3406 rico
198 3341 358 3406 Balduino
381 3342 587 3419 Louaniensi,
620 3365 716 3428 quem
746 3341 895 3407 laborum
925 3343 1043 3406 bonam
1066 3351 1191 3428 partem
1213 3341 1302 3407 nobi—

104 3469 201 3510 scum
216 3446 327 3510 tulisse
343 3446 469 3510 inficias
484 3449 531 3510 ire
547 3468 611 3509 non
631 3467 810 3532 possumus.
849 3447 939 3510 Bene
954 3445 1088 3529 valebis,
1109 3449 1153 3510 mi
1168 3447 1300 3528 Alarde,

104 3573 173 3615 non
194 3550 336 3634 vulgaris
359 3553 471 3614 amice.
511 3551 563 3614 Ex
586 3561 696 3615 nostra
725 3549 841 3615 cellula
863 3553 895 3614 in
919 3551 1052 3636 collegio
1073 3554 1302 3616 canonicorum

104 3657 356 3720 Martinensium
371 3656 519 3720 Louanii.
566 3656 661 3719 Anno
682 3656 726 3718 M.
744 3657 997 3740 quincentesimo
1013 3657 1168 3739 vigesimo
1189 3665 1302 3741 quarto

105 3783 221 3826 mense
245 3758 432 3858 Februario.

213 3885 266 3934 Ans
285 3885 346 3934 dem
365 3884 429 3934 eod.
448 3885 512 3934 Hor.
532 3885 562 3934 A.
582 3884 628 3934 iol.
649 3887 706 3934 120.

152 4115 160 4147 ¹
179 4113 216 4162 Es
233 4115 269 4162 ist
287 4113 357 4162 wohl
376 4113 527 4163 adhibuisse
546 4112 720 4178 ausgefallan.

153 4202 162 4234 Ἰ
182 4199 263 4250 Coo:
281 4199 499 4265 amphibologias.
527 4199 564 4248 Es
582 4202 616 4248 ist
634 4198 811 4264 amphibolias
830 4199 893 4248 oder
910 4198 1086 4264 amphilogiae
1104 4199 1302 4300 zussichreiben'

181 4314 232 4362 Die
265 4313 403 4378 Corruptel
436 4313 561 4362 entstand
591 4310 660 4362 wohl
691 4327 738 4361 aus
769 4313 816 4362 der
846 4312 1012 4378 Schreibung
1047 4311 1222 4378 amphilogias
1257 4313 1304 4362 des
1346 4314 1348 4322 '

181 4400 341 4466 Originales.
