3372 5768
90 539 186 614 [723]
402 555 502 596 Erasmus
517 567 557 595 von
572 555 697 596 assertam
711 556 755 596 und
769 555 876 597 Martinus
890 556 984 606 Lipsius.

647 732 737 796 XLI.

235 914 428 981 Philippus
450 915 643 980 Brugensis
666 914 704 968 D.
729 914 882 970 Mar-tino
904 914 1037 998 pypsio
1061 916 1091 970 S.
1115 917 1153 972 D.

201 1079 496 1160 Quemadmodum,
529 1081 579 1144 vir
605 1079 842 1157 humanissime,
872 1082 927 1164 qui
954 1081 1132 1165 scipionum
1155 1081 1287 1146 admini-

93 1185 177 1248 culis
201 1185 405 1270 pedetentim
428 1207 467 1249 ac
490 1183 620 1250 fallente
636 1185 772 1268 vestigio
795 1183 965 1248 demente
989 1184 1199 1264 descendunt,
1224 1210 1288 1252 non

92 1298 169 1352 ante
195 1290 231 1352 in
255 1291 352 1352 imam
375 1288 493 1352 vallem
517 1311 550 1351 se
573 1290 701 1351 venisse
724 1288 994 1374 animaduertunt,
1027 1312 1123 1374 quam
1151 1291 1287 1355 aduerso

93 1394 175 1458 colle
209 1394 381 1458 tendentes
412 1403 567 1477 grauante
591 1404 688 1479 atque
711 1395 744 1456 in
767 1392 891 1456 decliue
914 1416 1016 1479 prona
1040 1397 1182 1480 corporis
1204 1397 1287 1460 mole

93 1499 244 1563 laborem
267 1501 300 1562 in
323 1501 392 1584 ipso
415 1499 488 1562 nisu
510 1521 548 1561 ac
578 1497 798 1582 fatigationem
826 1499 977 1563 sentiant:
1010 1502 1056 1562 sic
1087 1522 1146 1584 ego
1177 1500 1295 1588 (quem

92 1614 128 1667 tu
150 1604 312 1689 paulatim
334 1603 409 1666 huic
432 1604 574 1686 negociis
597 1602 810 1689 admiscuisti)
826 1626 890 1666 non
905 1605 993 1689 prius
1010 1626 1106 1689 quam
1122 1605 1288 1670 difficilem

95 1729 262 1794 quamque
285 1707 426 1772 humeris
449 1709 529 1771 meis
552 1709 707 1793 imparem
729 1708 929 1793 prouinciam
953 1711 1175 1794 suscepissem,
1199 1710 1288 1775 intel-

95 1812 170 1890 lexi,
206 1835 304 1898 quam
335 1814 367 1876 in
397 1813 503 1876 locum
534 1811 584 1898 (ut
606 1814 651 1876 ita
674 1812 794 1899 dicam)
822 1813 967 1898 iniquum
990 1815 1036 1877 rei
1058 1815 1288 1899 magnitudinis

95 1939 134 1980 ac
159 1919 232 2003 spei
256 1917 296 1981 de
319 1939 370 1980 me
390 1927 464 1982 tuae
485 1916 611 1982 delatus
627 1918 750 1980 exitum
766 1918 1014 2003 circumspicere
1030 1921 1131 2004 coepi.
1166 1920 1290 1985 Verum

97 2023 231 2106 quando
255 2024 287 2085 in
310 2045 383 2086 eum
406 2021 512 2086 locum
535 2043 604 2085 rem
627 2022 801 2085 deductam
823 2023 928 2100 video,
959 2033 995 2086 ut
1017 2034 1072 2088 aut
1102 2027 1289 2089 temeritatis

96 2137 208 2191 notam
234 2128 341 2191 subire
364 2137 420 2191 aut
442 2128 686 2191 existimationis
710 2127 750 2191 de
773 2149 825 2190 me
847 2138 921 2190 tuae
942 2129 1097 2192 iacturam
1114 2129 1221 2194 faeere
1238 2141 1289 2192 ness

98 2255 189 2296 cesse
212 2235 262 2310 sit,
287 2234 389 2296 cuiuis
409 2232 586 2296 discrimini
606 2242 704 2318 caput
723 2231 940 2296 obiiciendum
956 2232 1034 2296 duxi
1054 2236 1168 2318 potius,
1193 2257 1290 2320 quam

97 2337 151 2401 vel
174 2343 281 2402 tuam¹
307 2339 487 2422 opinionem
510 2337 661 2401 fefellisse
677 2336 730 2400 vel
750 2360 810 2402 ceu
833 2337 929 2401 officii
953 2336 1097 2402 desertor
1117 2339 1225 2425 aliqua
1248 2362 1291 2402 ex

98 2452 190 2526 parte
215 2453 282 2506 tam
304 2441 437 2506 honesto
460 2443 555 2508 amici
577 2445 683 2506 animo
703 2465 742 2506 ac
757 2452 823 2506 tam
838 2444 950 2528 aequis
965 2443 1133 2528 postulatis
1149 2443 1290 2508 defuisse

100 2547 215 2610 videri.
261 2546 348 2627 Quid
379 2547 457 2614 mihi
488 2549 572 2610 enim
602 2546 709 2611 adhuc
738 2549 771 2611 in
794 2557 899 2611 aetate
922 2557 1091 2632 praetexta
1114 2559 1146 2613 et
1168 2551 1290 2634 primae

100 2651 337 2720 adolescentiae
369 2651 447 2716 flore
480 2654 650 2717 constituto
681 2651 921 2728 elaborandum,
954 2675 1051 2737 quam
1082 2676 1155 2717 eum
1186 2655 1292 2717 virum

101 2758 187 2818 omni
212 2755 386 2840 diligentia,
411 2757 497 2820 omni
520 2756 733 2833 obseruantia,
760 2757 908 2820 omnibus
932 2756 1070 2841 denique
1095 2755 1199 2842 (utin
1222 2780 1292 2842 pro-

101 2860 214 2924 uerbio
230 2859 292 2947 est)
308 2861 459 2944 ungulis²
474 2863 507 2924 in
522 2860 627 2925 officio
650 2863 796 2936 retinere,
822 2861 912 2924 cuius
934 2861 1171 2925 necessitudine
1194 2871 1292 2947 atque

103 2968 254 3029 conuictu
282 2988 346 3029 non
377 2967 490 3030 iniuria
521 2965 632 3030 beatos
663 2987 732 3028 sese
763 2965 859 3029 etiam
885 2968 1078 3051 praestantis
1101 2965 1288 3030 eruditionis

102 3072 162 3133 viri
185 3070 332 3135 ducunt?
355 3069 405 3134 Ne
429 3092 488 3154 ego
511 3073 624 3134 merito
647 3069 732 3134 felici
756 3070 871 3156 sydere
894 3093 945 3134 me
968 3081 1079 3135 natum
1099 3073 1289 3149 existimem,

104 3176 157 3258 qui
179 3177 292 3259 paucis
315 3175 433 3239 abhinc
456 3174 630 3252 mensibus,
656 3199 730 3238 cum
752 3184 848 3240 antea
870 3199 910 3239 ne
935 3198 1064 3261 sperare
1082 3175 1212 3261 quidem
1227 3176 1290 3239 tale

104 3281 277 3365 quicquam
292 3279 441 3356 licuisset,
464 3302 537 3344 cum
553 3303 591 3345 eo
607 3303 671 3344 non
686 3280 853 3364 vulgarem
869 3282 1047 3345 amiciciam
1065 3282 1289 3358 contraxerim,

105 3385 195 3448 cuius
218 3383 415 3447 melitissima
438 3383 635 3448 consuetudo
659 3384 762 3461 facile,
789 3395 825 3448 ut
847 3387 988 3449 omnium
1008 3407 1153 3450 meorum
1175 3407 1310 3470 aequa.

104 3485 179 3551 lium
195 3487 356 3552 fortunam
372 3509 521 3573 superem
538 3497 635 3573 atque
650 3489 731 3553 adeo
747 3489 847 3573 digito
864 3489 968 3566 celum
988 3491 1180 3574 contingam,
1204 3489 1291 3554 facit.

105 3590 343 3656 Eruditionisne
373 3591 635 3678 praecellentiam
662 3593 779 3657 mirer?
810 3617 852 3658 an
878 3617 1002 3658 morum
1026 3595 1217 3658 suauitatem
1240 3616 1293 3656 ex-

106 3696 251 3760 osculer?
282 3719 324 3760 an
353 3696 414 3760 hoc
445 3696 553 3762 seculo
580 3708 613 3761 et
639 3699 671 3761 in
694 3701 781 3763 vitae
809 3721 927 3782 genere
958 3698 1020 3762 hoc
1046 3701 1177 3762 niueum
1205 3696 1293 3761 illum

106 3802 203 3865 animi
227 3801 400 3866 candorem
428 3813 461 3867 et
488 3825 660 3888 syncerum
687 3803 839 3889 nullaque
872 3805 1103 3890 superstitionis
1132 3802 1294 3868 nubecula

107 3905 283 3969 obductum
305 3915 419 3991 pectus
442 3907 692 3972 venerabundus
720 3909 915 3994 suspiciam?
945 3932 987 3973 an
1018 3907 1157 3993 denique
1188 3910 1293 3993 potius

107 4009 147 4073 ad
181 4010 241 4074 has
275 4033 386 4075 omnes
420 4022 487 4076 tam
520 4035 617 4089 raras,
654 4023 719 4077 tam
753 4014 897 4091 eximias,
932 4023 998 4077 tam
1032 4015 1198 4077 inusitatas
1230 4036 1295 4076 cor-

108 4117 193 4198 poris
221 4116 382 4200 animique
413 4114 504 4180 dotes
534 4117 783 4202 obstupescam?
829 4117 894 4181 Sed
924 4116 997 4183 nolo
1029 4119 1062 4180 in
1094 4141 1129 4181 os
1162 4117 1220 4181 tibi
1254 4116 1294 4180 de

108 4217 256 4284 laudibus
276 4221 338 4283 tuis
361 4220 462 4304 plura,
486 4243 528 4284 ne
551 4244 601 4284 me
626 4221 707 4285 haec
729 4245 794 4286 non
816 4223 934 4306 insigni
958 4221 1097 4307 quodam
1119 4223 1216 4286 animi
1232 4223 1295 4284 mei

109 4345 185 4409 erga
201 4335 232 4389 te
248 4325 366 4388 affectu
381 4348 420 4390 ac
437 4325 536 4389 veluti
551 4327 677 4411 poetico
701 4326 841 4412 quodam
864 4327 970 4391 furore
990 4328 1160 4390 instinctas
1180 4327 1296 4389 mentis

109 4429 230 4513 impetu
250 4429 356 4493 stilum
376 4431 520 4514 rapiente
542 4431 701 4508 effudisse,
727 4430 785 4494 sed
805 4454 864 4516 per
879 4433 984 4496 ocium
1004 4430 1166 4507 meditata,
1192 4429 1295 4493 studio

150 4639 158 4672 ¹
176 4645 249 4690 tuam
267 4640 319 4691 vel.

150 4726 233 4779 ²010.
253 4730 331 4779 Tusc.
350 4729 383 4778 Π.
403 4732 444 4796 24,
464 4731 505 4780 56.
