3320 5742
79 563 185 634 [735]
397 573 498 612 Erasmus
512 583 553 612 von
567 569 693 612 Rotterdsm
707 569 751 611 und
765 569 873 610 Martinus
887 570 982 621 Lipsius.
1240 553 1280 616 73

79 759 121 812 te
145 750 300 813 habuisse
329 748 500 834 aliquando
523 751 673 813 noticiam
696 749 803 812 fratris
833 749 942 824 nostri,
973 747 1090 811 Iuliani
1113 745 1279 822 Carbonis,

81 865 167 918 ante
195 877 315 939 paucos
345 875 445 918 annos
475 853 647 917 Bruxellae
678 852 765 937 apud
797 852 972 916 monachas
1002 853 1035 914 in
1065 851 1148 915 valle
1177 851 1282 914 Hieri-

84 961 224 1022 contina
255 956 387 1044 (quibus
418 979 493 1021 cum
523 960 648 1021 viueret
679 966 748 1019 erat
776 979 796 1021 a
825 955 1094 1042 confessionibus)
1126 955 1280 1020 defuncti.

82 1064 124 1126 Is
146 1085 221 1127 cum
236 1062 419 1128 incredibili
434 1061 597 1140 auiditate,
621 1069 732 1147 utpote
748 1060 842 1124 homo
862 1060 963 1124 multa
985 1060 1132 1124 doctrina
1150 1063 1280 1145 acrique

83 1170 126 1230 in
149 1167 250 1232 literis
277 1166 396 1231 iudicio
419 1166 593 1251 praeditus,
626 1187 737 1229 omnes
769 1165 869 1229 ferme
893 1163 1056 1229 Ciceronis
1084 1164 1182 1229 libros
1211 1186 1281 1250 pro-

83 1275 164 1357 pria
193 1271 365 1357 descripsit
393 1293 501 1348 manu,
533 1271 650 1356 quibus
681 1273 713 1333 in
743 1272 926 1355 praesentia
952 1269 1149 1334 bibliotheca
1171 1280 1281 1334 nostra

84 1384 290 1440 venustatur.
329 1375 465 1440 Librum
481 1379 606 1440 autem¹
624 1375 665 1439 de
680 1374 815 1458 legibus,
833 1396 930 1460 quem
945 1376 1067 1459 optas,²
1082 1375 1281 1460 descriptum

84 1481 265 1545 habemus:
296 1483 349 1544 cui
380 1503 455 1544 cum
484 1503 588 1566 nuper
617 1502 732 1544 manus
759 1479 984 1557 admouissem,
1016 1479 1125 1544 multis
1147 1481 1181 1544 in
1203 1480 1281 1544 locis

85 1586 171 1649 mihi
193 1573 308 1670 parum
332 1585 495 1663 satisfecit,
528 1585 628 1649 veluti
658 1584 854 1670 deprauatus
886 1594 919 1648 et
947 1606 965 1647 e
996 1594 1146 1670 corrupto
1174 1607 1281 1648 exem-

86 1690 176 1774 plari
199 1690 389 1776 descriptus.
434 1690 526 1754 Idem
556 1712 633 1754 vero
664 1693 751 1775 typis
781 1692 945 1754 excusus³
973 1687 1073 1775 (quod
1100 1699 1131 1752 te
1155 1710 1281 1774 quoque

86 1805 264 1880 expertum
287 1817 357 1859 esse
380 1794 465 1881 reor)
489 1804 535 1859 tot
557 1804 660 1859 scatet
682 1795 818 1873 mendis,
850 1804 885 1858 ut
906 1793 1018 1858 lectori
1037 1796 1134 1858 etiam
1157 1793 1281 1857 erudito

87 1899 215 1985 aliquot
236 1900 314 1964 locis
336 1922 491 1964 nauseam
514 1909 652 1964 moueat.
677 1898 849 1964 Caeterum
872 1899 1073 1963 Tusculanas
1096 1899 1138 1964 ab
1161 1899 1214 1963 illo
1230 1898 1282 1962 de-

88 2010 231 2090 scriptas
243 2027 329 2068 nunc
345 2027 409 2068 non
424 2004 582 2069 habemus
598 2007 817 2090 quaestiones:
833 2025 947 2068 verum
962 2007 1095 2089 percepi
1110 2004 1282 2068 Erasmum

87 2109 217 2173 eisdem
238 2113 285 2173 uti
308 2109 517 2174 commodetis
540 2109 582 2174 ah
606 2109 720 2173 eodem
742 2109 875 2186 Iuliano,
908 2131 983 2172 cum
1005 2108 1112 2172 adhuc
1138 2112 1172 2173 in
1198 2111 1282 2172 uiuis

89 2223 215 2298 ageret.
260 2213 325 2278 Sed
348 2224 397 2278 est
419 2214 506 2300 apud
529 2235 588 2278 nos
603 2214 691 2277 idem
706 2213 788 2279 liber
802 2216 987 2300 impressus,
1012 2216 1057 2278 ita
1072 2218 1283 2300 repurgatus⁴

88 2342 110 2381 a
133 2318 271 2396 mendis,
296 2319 413 2405 quibus
427 2329 464 2382 ut
479 2319 548 2383 dixi
564 2319 732 2384 abundant
746 2319 809 2397 alii,
833 2329 870 2383 ut
883 2320 995 2383 lectori
1010 2318 1165 2383 mediocri
1180 2321 1283 2383 utenti

87 2423 212 2487 iudicio
234 2434 290 2488 aut
312 2424 391 2488 nihil
413 2434 469 2488 aut
490 2446 605 2511 parum
633 2424 773 2488 facessat
802 2426 936 2508 negocii.
982 2424 1051 2488 Hos
1080 2426 1177 2508 igitur
1207 2445 1282 2488 cum

87 2529 232 2612 primum
256 2529 423 2593 commode
448 2531 515 2592 siue
546 2552 605 2614 per
627 2528 847 2593 venerabilem
870 2530 1014 2593 Priorem
1041 2539 1195 2608 nostrum,
1228 2531 1283 2614 qui

87 2636 123 2696 ni
149 2632 240 2696 fallor
262 2633 355 2698 breui
375 2633 556 2698 Louanium
572 2638 689 2712 veniet,
722 2637 790 2698 sive
812 2656 872 2719 per
893 2635 991 2699 alium
1015 2637 1200 2720 quempiam
1222 2636 1282 2698 tibi

90 2737 321 2802 exhibebimus
345 2761 403 2824 pro
426 2748 481 2802 tuo
497 2749 563 2802 tam
580 2761 716 2825 syncero
732 2749 765 2803 et
779 2739 894 2803 anhelo
910 2740 1037 2803 affectu.
1076 2739 1175 2804 Porro
1196 2739 1282 2824 quod

89 2864 162 2926 eg0,
188 2845 240 2906 cui
262 2841 341 2906 nihil
364 2864 505 2928 unquam
528 2843 692 2908 literarum
715 2867 735 2908 a
757 2854 788 2908 te
804 2846 953 2930 accipere
970 2845 1112 2928 contigit,
1136 2866 1223 2906 nunc
1240 2842 1282 2908 ad

87 2959 122 3010 te
155 2949 348 3032 scripserim,
380 2949 414 3010 in
444 2970 542 3012 eausa
572 2949 633 3012 fuit
661 2949 761 3012 frater
789 2958 898 3012 noster
929 2946 1134 3026 Godefridus,
1170 2947 1282 3012 sedulo

88 3074 219 3135 rogans,
251 3054 298 3115 uti
327 3054 440 3136 paucis
471 3075 545 3117 cum
575 3053 637 3118 hoo
660 3051 955 3117 Corsendoncensis
979 3051 1105 3138 collegii
1128 3054 1282 3117 canonico

89 3156 153 3220 tibi
177 3157 361 3234 scriberem,
393 3180 434 3220 ne
457 3157 678 3222 Tullianorum
702 3180 835 3243 operum
859 3156 1018 3221 desiderio
1041 3157 1181 3242 flagrans
1208 3167 1282 3222 tuus

89 3263 220 3324 animus
243 3261 333 3327 nulla
356 3284 413 3346 spe
436 3261 611 3325 fulciretur.
655 3261 768 3347 Siquid
790 3285 848 3347 per
871 3284 922 3325 me
945 3271 1001 3326 aut
1016 3271 1161 3326 nostrum
1176 3284 1283 3348 quem-

88 3368 181 3451 piam
201 3366 270 3429 fieri
286 3367 375 3444 velis,
400 3389 441 3430 ne
464 3367 599 3452 trepida,
624 3389 665 3430 ne
688 3366 809 3445 diffide,
835 3366 892 3430 sed
915 3367 1015 3432 libere
1038 3370 1136 3432 utitor
1157 3370 1191 3432 in
1213 3390 1281 3431 rem

91 3482 185 3534 tuam
207 3479 317 3536 nostra
341 3493 447 3557 opera.
492 3471 555 3534 Tui
578 3493 699 3536 sumus.
745 3472 837 3535 Haec
861 3493 935 3536 eum
952 3473 1046 3550 noris,
1072 3495 1130 3536 cur
1151 3473 1285 3558 posthac

88 3598 156 3640 non
180 3576 302 3641 scribas
325 3585 358 3640 et
380 3576 524 3641 crebrius
548 3586 580 3639 et
603 3577 791 3640 familiarius
815 3599 912 3662 quam
939 3577 1003 3641 huc
1030 3600 1132 3663 usque
1155 3577 1282 3642 fecisti?

89 3679 294 3744 Brechtanus
322 3690 429 3744 noster
450 3680 572 3764 gaudet
595 3703 628 3744 se
652 3703 745 3745 suum
767 3683 929 3766 recepisse
955 3681 1109 3746 libellum.
1154 3681 1283 3746 Anxius

90 3793 170 3862 erat,
202 3807 267 3849 non
296 3785 338 3850 ob
367 3788 473 3870 ipsum
504 3788 559 3870 qui
589 3785 706 3849 nullius
737 3796 786 3850 est
808 3789 908 3871 precii
931 3787 1085 3866 libellum,
1117 3787 1175 3851 sed
1198 3788 1281 3872 quod

91 3900 261 3968 metueret,
282 3913 323 3954 ne
339 3913 454 3976 parum
471 3901 584 3955 cautus
600 3914 674 3955 eum
691 3892 736 3955 illi
751 3891 791 3955 N.
810 3895 1035 3957 committeres.
1059 3894 1160 3956 Recte
1176 3892 1285 3957 valent

90 3998 124 4072 ii,
142 4017 222 4081 quos
239 3996 362 4060 saluere
379 3999 508 4074 iussisti,
525 4004 621 4081 teque
633 3999 777 4060 vicissim
790 4021 832 4061 ex
844 3999 950 4061 animo
964 3998 1112 4064 salutant.
1141 3998 1281 4083 Raptim,

91 4123 135 4164 ex
157 4100 423 4165 Thronioolarum
448 4099 590 4184 collegio,
615 4104 735 4164 mensis
758 4101 825 4166 Mai
847 4102 958 4166 ultimo
982 4102 1044 4167 die.

196 4226 252 4274 Ans
270 4226 329 4276 dem
349 4225 413 4276 cod.
433 4226 496 4274 Hor.
516 4225 546 4275 A.
566 4243 591 4290 p.
611 4228 652 4274 95.

136 4404 142 4435 ¹
161 4402 226 4450 Man
245 4405 368 4450 erwartet
386 4401 476 4466 igitur.

134 4489 144 4522 ²
161 4489 198 4537 Es
216 4488 320 4537 scheint
338 4489 399 4538 eine
412 4489 596 4554 Bestimmung
608 4505 641 4538 zu
658 4489 820 4554 descriptum
839 4505 873 4538 zu
891 4489 990 4552 fehlen,
1009 4494 1079 4540 etws
1096 4491 1130 4540 ab
1148 4490 1209 4554 illo,
1227 4491 1281 4556 vgl.

162 4576 239 4640 epist.
258 4575 367 4633 Lxxn.

133 4661 143 4694 ³
160 4661 269 4726 Richtig
287 4677 422 4712 excussus.

133 4749 143 4782 ⁴
161 4751 322 4814 repurgatis.
