3320 5742
363 555 406 619 80
544 591 548 598 ·
875 572 1022 614 aaronita.
1435 562 1549 636 [⁷42]

351 747 563 832 perducerem
586 769 651 812 non
674 769 737 833 quo
760 746 930 811 classicum
953 747 996 811 ad
1018 749 1201 833 nequiciam
1225 769 1385 810 canerem.
1431 746 1549 832 Turpe

351 852 505 936 putabam
528 874 591 916 non
615 852 726 916 videre
748 855 782 914 in
812 854 990 916 animorum
1020 853 1221 936 aegritudine
1248 852 1422 916 adimenda
1457 874 1547 928 eum,

351 959 405 1042 qui
420 956 583 1021 mentibus
598 956 777 1020 remedium
792 957 919 1020 adferre
941 957 1046 1034 uellet,
1071 957 1158 1042 quod
1176 959 1210 1021 in
1231 979 1401 1044 corporum
1420 956 1547 1022 morbis

349 1062 498 1127 tollendis
528 1064 634 1127 carnis
656 1062 805 1126 viderent
825 1061 954 1126 medici.
1000 1061 1065 1142 Qui
1089 1083 1337 1148 saepenumero
1358 1062 1547 1126 amaritudi-

349 1190 423 1233 nem
453 1169 762 1233 medicamentorum
794 1190 923 1233 suorum
952 1167 1105 1233 admixtis
1132 1168 1283 1233 dulcibus
1310 1169 1469 1252 mitigant,
1502 1191 1546 1232 ne

348 1283 446 1358 gustu
476 1274 589 1337 offensi
622 1273 761 1336 aduersa
790 1272 975 1337 ualetudine
1003 1272 1186 1338 laborantes
1213 1275 1412 1338 curationem
1435 1273 1546 1337 huius-

348 1377 434 1443 modi
457 1387 620 1464 respuant.
666 1375 749 1441 Cum
772 1377 1007 1463 perpenderem
1026 1398 1154 1442 mecum
1171 1379 1204 1442 in
1221 1379 1337 1455 animo,
1349 1459 1351 1464 .
1364 1400 1427 1463 quo
1445 1388 1545 1463 pacto

347 1507 367 1547 a
395 1493 511 1547 natura
542 1484 619 1548 facti
650 1492 746 1569 atque
776 1482 903 1546 formati
933 1482 1079 1547 homines
1110 1493 1225 1560 essent,
1257 1482 1326 1548 vidi
1356 1482 1438 1547 duas
1470 1505 1544 1546 esse

346 1589 416 1652 vias
439 1589 472 1651 in
494 1587 592 1653 rebus
614 1587 806 1664 mortalium,
839 1587 956 1672 quibus
979 1586 1065 1672 quod
1088 1586 1185 1651 vellet
1208 1588 1281 1672 quis
1303 1597 1542 1672 assequeretur,

345 1691 445 1756 multo
476 1694 559 1756 inter
589 1713 622 1755 se
658 1692 903 1756 diuersissimas.
949 1691 1102 1770 Priorem,
1142 1713 1205 1776 qua
1239 1693 1272 1753 vi
1307 1702 1404 1776 atque
1440 1695 1543 1757 armis

346 1801 448 1862 coacti
471 1797 615 1862 homines
638 1806 726 1860 metu
746 1797 903 1882 imperata
918 1797 1062 1860 facerent
1077 1818 1116 1860 ac
1132 1796 1218 1866 dicto
1233 1796 1403 1861 audientes
1419 1807 1539 1873 essent,

344 1903 554 1987 posteriorem
577 1924 641 1987 qua
664 1901 816 1966 ciuilitate
840 1924 879 1964 ac
902 1900 1128 1967 beneuolentia
1150 1902 1277 1965 inuitati
1296 1901 1538 1978 inducerentur,

344 2018 380 2072 ut
415 2017 528 2093 sponte
563 2029 621 2071 sua
653 2029 767 2092 parere
797 2007 913 2072 rationi
945 2015 977 2070 et
1006 2005 1138 2070 meliora
1169 2006 1380 2071 suadentibus
1412 2028 1538 2070 morem

344 2134 456 2198 gerere
472 2112 601 2176 vellent.
626 2112 750 2176 Harum
766 2113 853 2197 prior
870 2133 943 2175 cum
966 2111 1067 2176 infida
1090 2121 1139 2174 est
1162 2120 1194 2173 et
1215 2110 1317 2176 fallax
1339 2113 1538 2197 minimeque

343 2218 530 2283 diumrnum
553 2217 743 2302 obsequium
766 2226 945 2303 praestans,
973 2228 1042 2281 tum
1064 2217 1169 2281 aliena
1195 2215 1236 2280 ab
1260 2215 1397 2282 hominis
1420 2227 1538 2282 natura

343 2334 375 2387 et
397 2347 417 2388 a
438 2332 528 2387 recta
549 2324 671 2387 ratione
695 2332 760 2387 tcta
783 2322 983 2407 decempeda
1010 2322 1208 2407 discrepans.
1254 2321 1417 2386 Posterior
1439 2324 1538 2386 insita

342 2429 484 2492 omnium
507 2428 670 2492 mentibus
693 2450 712 2491 a
734 2437 849 2492 natura
872 2435 1089 2491 consentanea
1110 2426 1225 2490 rationi
1251 2435 1441 2512 perpetuam
1464 2448 1536 2511 gra-

341 2535 419 2598 tiam
452 2555 491 2597 ac
526 2533 673 2598 stabilem
709 2533 898 2597 charitatem
937 2531 1099 2609 conciliat,
1138 2541 1227 2596 tauto
1259 2533 1363 2616 magis
1397 2533 1536 2598 colenda

342 2641 515 2724 superiore,
542 2646 661 2723 quanto
686 2647 836 2701 constans
859 2659 897 2701 ac
920 2659 1016 2700 verus
1039 2658 1129 2701 amor
1151 2636 1263 2700 fucosa
1286 2636 1382 2700 etad
1404 2647 1534 2722 tempus

341 2743 495 2807 duratura
517 2744 667 2807 amicicia
687 2744 910 2827 praestantior.
956 2741 1060 2804 Tanto
1082 2742 1244 2825 potentior
1259 2740 1301 2804 ad
1324 2741 1533 2806 efficiendum

340 2850 502 2912 inanimis
522 2848 687 2912 hominum
711 2846 796 2933 quod
820 2845 910 2928 velis,
935 2857 1053 2931 quanto
1077 2845 1202 2910 facilius
1225 2844 1408 2930 procedunt
1435 2857 1532 2932 atque

339 2953 557 3031 absoluantur,
582 2975 665 3038 quae
689 2963 820 3016 naturae
843 2955 966 3016 ratione
986 2952 1204 3028 instituuntur,
1229 2971 1326 3035 quam
1342 2973 1426 3036 quae
1442 2973 1533 3038 prae-

338 3068 466 3143 postere
490 3068 522 3121 et
544 3057 654 3123 ordine
673 3056 862 3142 perturbato
878 3056 996 3120 frustra
1012 3055 1207 3121 inconciliati
1222 3054 1369 3120 homines
1385 3057 1532 3120 nituntur

338 3162 477 3226 efficere.
517 3161 663 3242 Quorum
683 3163 896 3226 temeritatem
918 3161 994 3245 quia
1017 3183 1037 3224 a
1055 3182 1107 3224 me
1125 3159 1239 3224 abesse
1260 3159 1356 3238 volui,
1380 3161 1415 3223 in
1432 3163 1531 3246 suspi-

339 3269 464 3332 cionem
486 3270 570 3345 veni,
600 3269 691 3353 quasi
715 3267 931 3332 consenserim
956 3287 1030 3330 cum
1054 3288 1100 3343 eo,
1131 3288 1228 3351 quem
1251 3265 1530 3330 commonefacere

337 3372 425 3437 volui
444 3373 611 3437 meliorum
632 3395 690 3458 pro
706 3393 753 3449 ea,
778 3393 873 3456 quam
892 3371 937 3435 illi
952 3381 989 3435 ut
1003 3373 1150 3456 proximo
1167 3370 1337 3448 debebam,
1363 3370 1529 3436 charitate.

337 3477 402 3542 Sed
433 3480 497 3543 iam
523 3488 651 3564 tempus
674 3487 722 3540 est
744 3477 786 3541 ad
810 3477 935 3562 singula
957 3498 1083 3561 quoque
1107 3476 1300 3540 articulatim
1323 3476 1528 3562 respondere,

336 3582 465 3667 quando
488 3585 520 3647 in
543 3605 661 3667 genere
685 3582 726 3647 de
748 3584 795 3644 rei
819 3603 945 3645 summa
968 3583 1043 3645 satis
1075 3581 1216 3644 diximus
1248 3589 1280 3643 et
1311 3583 1380 3645 eius
1404 3580 1529 3645 consilii

336 3688 570 3772 societatisque,
595 3708 677 3771 quae
701 3709 743 3749 ex
765 3684 981 3750 familiaritate
999 3686 1190 3770 inspeciem
1205 3686 1304 3749 nimis.
1317 3684 1440 3749 blanda
1455 3707 1529 3748 cum

335 3791 463 3856 homine
477 3791 539 3855 'illo
563 3790 643 3856 falso
667 3790 744 3854 mihi
768 3812 838 3853 esse
862 3789 999 3868 videtur,
1024 3792 1180 3853 rationem
1204 3788 1414 3854 reddidimus.

438 3896 536 3974 ,Nihil
559 3918 687 3982 quoque
711 3895 843 3960 subesse
867 3894 941 3972 doli,
969 3893 1026 3958 sed
1049 3916 1091 3958 ex
1114 3916 1252 3979 syncero
1274 3904 1406 3980 pectore
1434 3895 1527 3980 profi-

335 4002 413 4065 cisci
436 4001 522 4086 quod
546 4001 588 4065 ad
610 4011 642 4065 te
666 4000 783 4065 scribo‘
807 4010 840 4063 et
862 4010 922 4064 cet.
969 3999 1033 4062 Hic
1053 3999 1130 4063 mihi
1147 3999 1300 4083 colligunt
1315 4000 1526 4064 arctissimam

332 4127 463 4190 prorsus
487 4128 557 4170 esse
581 4128 655 4169 cum
677 4106 806 4170 homine
829 4103 1101 4169 necessitudinem
1125 4114 1156 4168 et
1176 4103 1350 4168 occultiora
1365 4103 1525 4188 quaedam

332 4213 366 4274 in
388 4210 458 4274 his¹
482 4211 581 4276 latere
606 4209 813 4287 contendunt,
847 4230 929 4294 quae
953 4209 1052 4273 literis
1081 4211 1252 4272 commissa
1274 4229 1337 4272 non
1361 4210 1435 4286 sint,
1468 4207 1524 4272 sed

333 4314 446 4379 relicta
475 4316 661 4399 cogitationi
684 4316 762 4391 eius,
794 4314 836 4378 ad
864 4335 961 4399 quem
985 4315 1107 4399 scripsi.
1145 4312 1174 4377 Ο
1206 4335 1303 4399 quam
1333 4335 1445 4376 uerum
1476 4321 1524 4376 est

333 4420 419 4505 quod
441 4422 487 4484 ait
502 4418 692 4485 Comicus22
715 4418 813 4497 ,Nihil
836 4429 903 4482 tam
919 4429 1042 4482 rectum
1059 4439 1185 4482 esseae
1201 4416 1333 4495 bonum,
1358 4416 1445 4502 quod
1459 4438 1523 4481 non

373 4668 382 4701 ¹
399 4669 458 4719 hi's.

372 4685 460 4807 ²Tdr.
480 4756 587 4806 Pham.
606 4756 653 4805 IV.
671 4759 696 4818 4,
718 4755 748 4804 15
768 4754 785 4804 f.
805 4754 867 4818 (696
887 4754 917 4820 f.)
