3320 5742
72 540 163 613 [773]
379 550 480 590 Erasmus
494 560 535 588 von
549 547 673 589 ltotterdam
687 546 731 586 und
745 546 852 586 Martinus
866 544 960 594 Lipsius,
1202 529 1261 590 111

72 729 285 812 Magistratus
317 727 373 791 dat
403 725 536 809 singulis
567 724 705 789 florenos
729 725 906 806 sexaginta,
941 723 1039 807 priori
1062 721 1158 807 paulo
1181 722 1263 806 plus.

71 833 187 919 Neque
214 835 385 918 quisquam
408 832 488 895 haec
511 832 646 894 miratur
669 838 700 891 et
723 837 829 892 metuo
852 827 939 891 idem
961 829 1082 912 passim
1111 826 1264 890 futuuum.

73 938 233 1023 Episcopi
258 938 491 1022 conspirarunt,
515 943 551 998 ut
574 935 715 998 saeuicia
737 956 806 996 rem
835 933 1046 997 coherceant:
1078 940 1111 995 at
1141 953 1265 1008 vereor,

72 1065 112 1104 ne
144 1065 265 1128 parum
296 1043 359 1105 sint
387 1040 574 1128 profecturi.
620 1039 701 1104 Aliis
732 1037 883 1102 remediis
917 1060 996 1122 opus
1021 1047 1115 1100 esset.
1162 1035 1266 1121 Saepe

72 1169 203 1211 moneo:
230 1157 303 1232 post
319 1147 505 1210 fatebuntur
520 1167 572 1222 me
587 1167 652 1208 non
667 1153 788 1207 temere
803 1144 976 1207 monuisse.
999 1142 1121 1225 Pignus
1137 1151 1268 1205 mutuae

73 1251 333 1328 beneuolentiae,
358 1251 444 1336 quod
466 1252 552 1314 misit
574 1251 662 1334 prior
684 1258 800 1325 vester,
832 1248 970 1312 Ioannes
993 1247 1165 1324 Amoldus,
1190 1245 1269 1311 mihi

74 1357 133 1420 fuit
156 1358 387 1440 gratissimum.
434 1355 534 1418 Dices
557 1353 703 1419 Waltero
726 1354 950 1429 Dominicano,
981 1374 1022 1415 ne
1047 1352 1124 1436 quid
1147 1360 1268 1415 temere

76 1462 212 1541 scribat3
239 1471 288 1524 est
310 1462 396 1523 enim
419 1459 563 1523 seculum
585 1458 891 1544 pestilentissimum.
939 1456 973 1520 Si
1004 1478 1084 1542 opus
1116 1459 1185 1539 erit,
1219 1479 1269 1520 ac-

77 1567 177 1650 cipies
200 1587 222 1628 a
246 1563 402 1630 Goelenio
426 1573 563 1648 quatuor
586 1562 793 1647 philippica,
825 1564 954 1625 interim
978 1583 1074 1645 agam
1097 1583 1171 1624 cum
1194 1561 1270 1626 Fro-

77 1669 182 1732 benio.
209 1669 301 1732 Bene
324 1669 406 1731 vale.
430 1668 578 1731 Basileae
600 1669 693 1731 tertio
716 1667 789 1730 idus
811 1666 951 1730 Februa.
976 1666 1039 1729 An.
1068 1666 1159 1730 1525.

182 1794 240 1843 Aus
258 1794 319 1842 dem
338 1793 401 1842 eod.
420 1793 486 1842 Hor.
504 1793 534 1841 A.
554 1809 579 1858 p.
601 1792 680 1841 1361.

578 2026 755 2099 LXXXI.
1138 2056 1177 2103 1c.
1197 2055 1273 2103 Mas?

257 2217 457 2273 Guilelmus
481 2217 711 2272 Louaniensis
735 2216 887 2271 Martino
911 2217 1044 2284 hypsio
1068 2219 1098 2272 S.

186 2386 259 2450 Etsi
282 2386 360 2450 mihi
383 2385 465 2448 facie
488 2387 617 2469 ignotus
633 2406 676 2462 eS,
701 2385 751 2447 vir
767 2384 959 2460 doctissime,
984 2405 1049 2447 non
1066 2394 1173 2447 tamen
1189 2385 1277 2449 fama

87 2499 117 2552 et
135 2493 279 2555 nomine.
322 2491 391 2554 Imo
415 2490 602 2554 eruditionis
626 2492 774 2575 opinione
798 2512 899 2574 usque
923 2489 1004 2553 adeo
1028 2489 1104 2553 mihi
1129 2492 1276 2574 cognitus

88 2615 128 2671 es,
152 2606 188 2659 ut
210 2598 244 2659 in
267 2597 523 2680 praesentiarum
545 2595 692 2658 nonnihil
707 2596 828 2658 veritus
846 2596 905 2658 sim
920 2595 1002 2658 haec
1018 2595 1060 2658 ad
1076 2604 1107 2657 te
1125 2595 1275 2672 scribere,

87 2698 256 2784 indignum
287 2701 474 2764 existimans
504 2721 592 2762 meas
623 2701 761 2784 ineptias
792 2699 850 2763 tibi
885 2701 954 2763 viro
989 2701 1190 2763 ornatissimo
1225 2699 1277 2764 ob-

89 2805 226 2870 trudere.
271 2804 413 2890 Sperans
436 2815 544 2868 tamen
568 2808 773 2870 coniunctam
796 2805 967 2868 eruditioni
990 2805 1223 2869 humanitatem
1247 2815 1279 2868 et

90 2931 125 2973 eo
147 2921 179 2974 te
202 2913 310 2974 animo
334 2933 413 2987 esse,
438 2921 559 2974 utnon
583 2910 768 2994 dedigneris
791 2911 888 2973 etiam
903 2933 1020 2995 parum
1037 2911 1141 2974 doctis
1157 2933 1279 2974 morem

89 3036 209 3096 gerere,
245 3018 277 3078 in
308 3017 346 3078 iis
376 3018 575 3100 praesertim,
608 3037 690 3099 quae
722 3025 871 3099 spectant
900 3016 1001 3079 bonas
1032 3016 1149 3091 literas,
1182 3039 1278 3079 ausus

91 3141 159 3182 sum
188 3143 277 3184 nunc
309 3123 341 3182 in
364 3120 504 3184 literario
528 3120 667 3204 quodam
690 3121 825 3202 negocio
848 3130 937 3182 tuam
960 3130 1112 3205 expetere
1137 3143 1278 3205 operam.

90 3222 192 3288 Auxit
214 3248 293 3288 uero
316 3224 469 3288 fiduciam
491 3227 583 3308 virgo
606 3224 687 3288 haec
710 3223 815 3300 Anna,
841 3224 977 3287 dilectae
1001 3227 1164 3308 genitricis
1189 3247 1280 3288 meae

90 3327 227 3408 alumna,
261 3352 344 3414 quae
374 3331 421 3392 tui
449 3329 705 3413 qualemcunque
728 3328 852 3391 habens
875 3331 1027 3392 noticiam
1052 3332 1117 3392 suis
1140 3333 1280 3394 maxime

90 3434 200 3498 verbis
223 3433 268 3499 ad
291 3433 498 3498 scribendum
521 3456 573 3496 me
597 3435 760 3496 animauit.
788 3433 831 3496 Et
853 3455 894 3496 ne
918 3433 1037 3497 diutius
1060 3443 1092 3498 te
1109 3436 1279 3511 detineam,

90 3538 167 3620 quid
191 3539 291 3603 velim
313 3541 425 3624 paucis
449 3540 571 3623 accipe.
602 3539 662 3602 Est
684 3538 777 3602 nobis
801 3538 901 3602 index
925 3539 1057 3624 quidam
1080 3540 1282 3603 diuersarum

90 3639 363 3708 bibliothecarum
396 3644 452 3707 tali
484 3643 642 3707 industria
676 3653 708 3706 et
742 3643 854 3706 ordine
888 3643 1041 3727 digestus,
1081 3655 1116 3708 ut
1150 3644 1282 3709 cuilibet

90 3751 278 3836 quempiam
300 3750 468 3833 quaerenti
491 3748 609 3812 librum
632 3747 782 3811 facillime
806 3757 926 3832 pateat,
958 3771 1021 3833 quo
1044 3751 1077 3813 iu
1100 3748 1170 3813 loco
1193 3771 1282 3834 repe-

89 3850 143 3911 riri
178 3854 291 3937 possit.
341 3853 391 3917 lbi
427 3855 569 3937 signatos
604 3854 728 3937 reperio
762 3852 851 3916 Petri
882 3853 1101 3916 116116111111161
1140 3855 1282 3939 episcopi

134 4030 141 4060 ¹
161 4031 262 4081 Petrus
288 4046 341 4080 von
367 4030 504 4091 Ravenna,
535 4028 688 4078 beriihmter
714 4029 800 4077 Jurist
827 4029 873 4077 des
900 4029 1076 4094 angehenden
1105 4029 1284 4080 sechzehnten

161 4119 368 4181 Jahrhunderts,
387 4118 434 4167 der
451 4120 480 4166 in
499 4117 567 4167 culn
587 4119 757 4166 1506—1508
776 4116 870 4177 lehrte‚
894 4133 948 4166 von
966 4119 1000 4167 da
1017 4119 1081 4167 aber
1098 4119 1197 4167 wieder
1216 4119 1285 4168 nach

160 4205 262 4256 Italian
272 4222 322 4271 zog
332 4204 397 4270 (vgl.
404 4205 510 4267 Ennen,
521 4205 680 4254 Geschiehtc
690 4205 737 4253 der
747 4204 823 4254 Stadt
831 4203 906 4268 coln,
916 4206 971 4268 IV,
982 4205 1007 4255 S.
1015 4207 1143 4268 95—102,
1155 4207 1173 4255 J
1174 4221 1284 4269 annseu,

163 4293 261 4344 Gesch.
275 4294 299 4344 d.
313 4293 459 4343 deutschen
472 4293 580 4354 Volkes,
599 4294 629 4354 1,
643 4293 668 4342 S.
684 4295 715 4341 73
727 4293 764 4357 1.),
790 4293 881 4343 Ueber
893 4295 950 4342 sein
963 4293 1130 4343 Verhitltniss
1143 4311 1176 4342 zu
1189 4294 1286 4344 Ortuin

162 4380 273 4431 Gratius
298 4381 331 4430 cf.
353 4381 518 4445 Reichling's
539 4380 690 4429 Recension
710 4380 757 4429 der
778 4381 1056 4446 Denkwiirdigkeiten
1074 4397 1127 4430 von
1149 4381 1284 4444 Nordhoff,

162 4467 329 4532 Reichling's
352 4469 377 4517 J.
397 4466 572 4526 Murmellius,
599 4467 730 4532 Freiburg
750 4467 824 4528 1880,
845 4468 870 4517 S.
891 4469 948 4530 118,
967 4483 993 4517 n.
1014 4471 1046 4531 2.,
1069 4469 1124 4518 und
1142 4469 1286 4519 besonders

163 4553 280 4617 Muther,
294 4555 349 4603 Aus
359 4555 419 4604 dem
429 4554 576 4604 deutschen
586 4553 854 4605 Universitittsleben.
868 4554 1034 4604 Murmellius
1047 4555 1150 4604 sohrieb
1164 4555 1286 4604 61111101-

165 4642 275 4705 gedicht
292 4641 341 4692 auf
354 4642 408 4704 ihn,
426 4642 469 4691 die
483 4640 557 4691 Silua
575 4643 602 4690 in
615 4643 725 4691 Petrum
738 4643 924 4692 Rauennatem
940 4643 1005 4692 1508
1019 4642 1172 4708 (Reichling
1184 4659 1208 4692 a.
1219 4658 1243 4692 a.
1255 4642 1285 4692 Ο.

168 4730 228 4794 144)
248 4730 302 4790 und
323 4730 388 4778 1509
408 4728 482 4794 (ibid.
503 4728 571 4792 145).

1098 4815 1131 4867 ga
