3320 5742
364 476 403 540 78
854 533 858 546 ,
884 492 1029 534 uersutis.
1461 479 1559 552 [740]

359 666 597 744 documentum,
618 670 652 730 in
667 666 901 752 propugnanda
916 677 952 730 ut
970 669 1032 751 ipsi
1047 669 1137 730 aiunt
1152 667 1299 730 veritate.
1334 667 1459 731 Verum
1476 668 1558 728 istos

359 792 499 856 aequum
521 774 645 836 eratin
664 774 806 836 animum
826 771 979 837 inducere
996 793 1068 836 eam
1084 771 1215 836 demum
1232 793 1344 835 veram
1361 794 1399 835 ac
1415 770 1559 834 solidam

359 899 429 940 esse
453 879 612 954 virtutem,
644 879 731 962 ipsos
759 879 907 962 primum,
940 879 995 961 qui
1025 877 1160 941 aliorum
1187 897 1336 941 censores
1359 886 1455 961 atque
1482 875 1559 940 Ari-

359 982 478 1046 starchi
494 1003 564 1046 esse
580 981 709 1057 vellent,
726 991 814 1046 recte
830 982 937 1045 facere
953 991 986 1045 et
1000 991 1121 1067 postea,
1142 984 1169 1046 si
1186 983 1351 1046 videretur
1365 985 1397 1046 in
1413 981 1557 1046 afiorum

359 1096 464 1150 errata
485 1089 647 1172 inquirere
670 1095 767 1171 atque
791 1085 940 1151 adductis
964 1086 1144 1171 superciliis
1172 1087 1213 1150 de
1237 1089 1350 1171 quouis
1372 1086 1456 1150 ferre
1484 1107 1558 1149 sen-

357 1194 499 1268 tentiam,
532 1192 618 1277 quod
648 1194 778 1255 minime
809 1192 940 1256 faciunt.
987 1190 1052 1256 Sed
1083 1201 1203 1268 contra,
1237 1201 1273 1256 ut
1301 1191 1368 1256 fuci
1396 1213 1557 1257 verarum

356 1319 455 1381 apum
478 1296 642 1361 laboribus
665 1295 838 1380 explentur
860 1318 920 1360 neo
944 1296 1132 1360 mellificant
1160 1306 1192 1361 et
1214 1299 1304 1360 oneri
1326 1305 1447 1360 tantum
1475 1309 1557 1360 sunt

341 1421 420 1463 non
443 1403 524 1477 usui,
550 1403 595 1463 sic
611 1403 674 1482 isti,
696 1422 769 1465 cum
786 1421 845 1485 per
860 1403 1023 1484 ignauiam
1038 1423 1078 1465 ac
1094 1400 1338 1466 somnolentiam
1354 1400 1556 1466 socordiam·

357 1527 420 1590 que
435 1504 514 1568 nihil
530 1508 651 1589 egregii
667 1506 847 1582 moliantur,
872 1506 1005 1572 aliorum
1025 1505 1201 1590 praeclaris
1217 1505 1384 1570 conatibus
1400 1504 1556 1589 obstrigi-

355 1608 424 1674 lant
445 1609 652 1694 honestisque
675 1609 839 1674 laboribus
862 1610 1061 1688 insidiantur,
1094 1610 1137 1675 ad
1166 1610 1390 1675 lacessendum
1418 1621 1555 1678 tantum

356 1723 388 1777 et
413 1714 615 1778 inferendam
644 1717 794 1778 iniuriam
824 1717 899 1792 nati,
931 1716 974 1780 ad
995 1715 1136 1801 reliquos
1159 1737 1269 1780 omnes
1292 1718 1378 1778 vitae
1400 1737 1478 1780 usus
1504 1721 1555 1780 iu-

355 1817 458 1896 utiles,
483 1840 547 1882 non
562 1818 716 1896 homines,
742 1821 799 1884 sed
814 1820 900 1898 faex,
924 1829 1137 1906 purgamenta
1159 1829 1191 1884 et
1213 1819 1286 1884 rubi
1306 1828 1430 1886 tantum
1443 1819 1554 1884 homi-

354 1945 441 2001 num,
476 1934 511 1988 ut
542 1927 586 1988 ait
609 1924 732 1988 Plinius
748 1930 765 2005 ¹,
799 1927 918 2010 quippe
950 1929 1005 2010 qui
1040 1927 1096 1990 toti
1127 1925 1255 2009 liuguae
1286 1925 1416 2010 spiculis
1444 1935 1552 2010 atque

354 2027 475 2092 aculeis
499 2038 530 2091 et
552 2029 693 2094 inuidiae
718 2030 819 2114 spinis
842 2029 1000 2094 horreant.
1046 2029 1144 2092 Plura
1173 2031 1208 2093 in
1238 2029 1323 2094 hane
1352 2031 1552 2094 sententiam

355 2132 463 2196 dicere
478 2142 633 2218 poteram,
658 2133 715 2198 sed
730 2133 825 2198 video
845 2156 897 2198 me
920 2134 1045 2218 longius
1066 2137 1172 2217 etiam,
1196 2155 1293 2219 quam
1308 2143 1378 2197 erat
1398 2155 1550 2212 necesse,

354 2246 548 2301 commotum
571 2237 762 2321 indignitate
785 2241 832 2302 rei
855 2260 924 2302 esse
947 2248 1145 2324 prouectum.
1192 2239 1306 2323 Neque
1329 2240 1414 2302 enim
1429 2260 1552 2324 propo-

353 2345 449 2406 situm
478 2343 571 2407 nobis
602 2343 662 2407 fuit
692 2345 769 2408 istos
803 2345 868 2408 suis
899 2343 1058 2409 coloribus
1084 2346 1227 2428 pingere,
1260 2343 1317 2408 sed
1341 2343 1550 2429 quorundam

352 2447 581 2511 maleuolorum
608 2449 810 2513 sermonibus
846 2471 888 2512 ex
922 2451 1049 2513 sinistra
1079 2471 1119 2512 ae
1148 2457 1356 2534 praepostera
1389 2449 1550 2533 epistolae

353 2552 521 2616 cuiusdam
543 2575 635 2618 meae
658 2554 920 2638 interpretatione
941 2555 1024 2622 natis
1040 2552 1234 2638 respondere
1250 2575 1290 2616 ae
1305 2562 1424 2619 memet
1439 2557 1550 2640 suspi-

352 2660 443 2720 cione
460 2657 615 2739 liberare3
639 2680 703 2742 qua
725 2666 856 2743 propter
879 2657 962 2721 hanc
986 2658 1154 2743 epistolam
1177 2657 1265 2742 apud
1285 2657 1439 2743 quosdam
1453 2656 1550 2723 labo-

351 2783 422 2824 rare
438 2765 530 2846 coepi
546 2771 578 2824 et
594 2762 762 2847 explicatis
778 2762 837 2840 his,
855 2784 937 2847 quae
953 2765 1155 2848 scripseram,
1177 2761 1219 2827 ad
1235 2765 1375 2827 amicum
1389 2765 1550 2828 monendi

351 2868 454 2949 gratia
477 2888 604 2930 omnem
627 2865 784 2944 omnibus,
817 2877 974 2952 quantum
1003 2866 1081 2931 mihi
1112 2869 1145 2932 in
1175 2889 1275 2932 manu
1297 2877 1390 2945 esset,
1422 2867 1549 2932 calum-

350 2970 460 3035 niandi
483 2994 595 3036 ansam
617 2971 814 3056 praecidere.
850 2971 959 3052 Quare
983 2980 1014 3035 te
1037 2955 1101 3049 oro,
1126 2972 1310 3036 venerande
1325 2981 1428 3057 pater,
1446 2994 1548 3058 supe-

349 3078 433 3140 riora
455 3076 517 3152 illa,
549 3078 582 3140 iu
605 3075 721 3160 quibus
744 3076 888 3141 nonnihil
910 3079 1017 3142 animo
1040 3098 1112 3140 meo
1134 3097 1258 3141 morem
1279 3080 1373 3161 gessi,
1404 3079 1438 3140 in
1459 3081 1548 3162 opti-

349 3202 436 3244 mam
459 3189 584 3265 partem
607 3182 748 3265 accipias
773 3180 958 3265 etreliqua,
988 3202 1070 3265 quae
1099 3184 1227 3266 proprie
1251 3181 1293 3246 ad
1315 3203 1384 3245 rem
1406 3181 1546 3260 faciunt,

279 3313 281 3318 ¹
349 3289 460 3369 aequis
483 3284 615 3349 auribus
638 3285 733 3349 feras.
779 3285 895 3350 Visum
918 3294 968 3349 est
989 3295 1098 3350 autem
1121 3287 1260 3372 primum
1291 3289 1325 3350 in
1351 3289 1546 3350 uniuersum

349 3391 509 3474 quaedam
539 3389 580 3453 de
610 3399 676 3454 tota
706 3390 841 3475 epistola
870 3389 988 3467 dicere,
1023 3400 1096 3474 post
1125 3394 1307 3454 accuratius
1340 3391 1383 3455 ad
1412 3391 1548 3473 singula

347 3494 553 3579 respondere.
600 3492 732 3558 Summa
755 3497 852 3577 igitur
874 3516 933 3578 pro
955 3517 1006 3559 me
1031 3493 1131 3581 (quod
1154 3495 1232 3559 mihi
1248 3494 1426 3579 largiuntur
1441 3495 1547 3560 etiam

348 3598 390 3676 hi,
415 3599 531 3684 quibus
555 3599 699 3663 fortassis
722 3599 806 3663 oculi
829 3598 946 3676 dolent,
980 3598 1065 3684 quod
1088 3621 1139 3664 me
1163 3599 1247 3664 bene
1270 3599 1390 3665 habere
1414 3603 1546 3685 conspi-

348 3702 447 3790 ciant)
472 3703 639 3788 epistolam
662 3726 713 3768 me
738 3706 905 3789 scripsisse
928 3707 1131 3769 monitoriam
1153 3704 1195 3768 ad
1218 3704 1382 3769 hominem
1404 3727 1467 3770 nou
1481 3706 1545 3770 ad-

347 3808 478 3872 modum
500 3807 577 3872 mihi
600 3817 710 3872 notum
733 3818 829 3893 atque
853 3808 934 3872 adeo
963 3810 1069 3872 uisum
1099 3808 1197 3872 semel
1224 3818 1349 3874 tantum
1376 3831 1436 3872 nec
1462 3807 1545 3874 ullis

346 4039 406 4101 ego
430 4020 544 4102 scripsi
566 4018 743 4105 accipiunt)
767 4021 895 4083 crimini
915 4019 994 4083 dant
1010 4020 1150 4104 primum
1166 4019 1437 4083 necessitudinem
1462 4041 1544 4086 cum

345 4122 473 4186 homine
497 4122 661 4200 scelerato,
690 4144 786 4206 quam
809 4123 887 4187 mihi
904 4145 978 4188 cum
997 4122 1050 4188 illo
1074 4145 1154 4200 esse,
1178 4127 1337 4208 nimisque
1359 4123 1544 4188 efficaciter

346 4225 495 4310 colligere
530 4226 591 4290 sibi
620 4227 772 4291 videntur
805 4249 847 4292 ex
882 4249 928 4305 eo,
963 4226 1049 4313 quod
1082 4238 1150 4292 tam
1180 4227 1380 4292 familiariter
1410 4229 1541 4312 scripsi.

344 4328 447 4393 Aiunt
469 4333 554 4395 enim
575 4353 741 4417 nunquam
764 4335 809 4396 ita
826 4354 877 4395 me
894 4335 1089 4418 scripturum
1104 4333 1213 4410 fuisse,
1237 4335 1299 4395 nisi
1315 4331 1357 4395 ad
1372 4332 1542 4398 hominem

344 4435 438 4518 longo
466 4433 544 4498 mihi
570 4458 632 4499 usu
658 4458 697 4500 ac
725 4436 901 4501 domestica
932 4435 1164 4500 consuetudine
1188 4445 1220 4499 et
1242 4439 1327 4500 intus
1351 4445 1384 4499 et
1404 4438 1438 4499 in
1461 4447 1540 4502 cute

382 4661 394 4697 '¹
411 4664 449 4714 Er
466 4667 550 4715 meint
568 4666 611 4716 die
630 4665 713 4716 Stelle
731 4665 763 4714 N.
782 4666 822 4740 H,
835 4667 920 4716 XVII.
940 4667 983 4716 96.
