3320 5742
374 524 436 588 126
890 539 1039 584 1111111111.
1471 529 1557 602 [788]

376 716 457 780 chon
475 737 626 780 canerem
644 725 699 780 aut
714 717 828 780 saltem
845 738 905 803 per
919 739 1064 782 meorum
1077 717 1261 802 quempiam
1277 717 1312 780 id
1323 716 1394 780 fieri
1406 738 1558 780 curarem.

374 819 455 882 Mihi
479 821 584 896 crede,
609 820 688 884 nihil
710 831 766 885 tua
789 844 888 885 eausa
911 821 1019 886 facere
1042 843 1209 904 grauarer:
1245 843 1351 906 neque
1375 823 1461 885 enim
1484 820 1560 884 adeo

375 947 492 988 saxeus
516 948 597 1001 sum,
629 934 666 988 ut
696 935 752 990 tua
782 928 816 989 ln
838 948 889 990 me
913 926 1021 990 officia
1044 949 1109 990 non
1132 927 1277 990 sentiam.
1324 923 1390 989 Sed
1418 925 1491 990 nolo
1512 947 1559 989 me

375 1033 546 1116 propinare
579 1031 794 1096 deridendum
824 1031 1016 1097 fraterculis.
1064 1031 1327 1117 Quotusquisque
1356 1041 1413 1109 est,
1445 1054 1500 1096 oro
1520 1042 1559 1108 te,

375 1138 471 1200 etiam
495 1139 578 1200 inter
602 1159 665 1213 eos,
690 1138 746 1222 qui
769 1159 899 1222 prorsus
922 1135 1001 1200 nihil
1018 1137 1113 1201 edere
1137 1145 1279 1221 possunt,
1305 1137 1361 1222 qui
1376 1158 1441 1200 non
1456 1138 1490 1200 in
1504 1136 1560 1200 hoc

374 1242 486 1326 scripti
508 1262 629 1324 genere
653 1241 775 1325 aliquid
798 1249 911 1326 carpat
933 1249 965 1304 et
988 1240 1126 1304 arrodat.
1166 1241 1227 1304 His
1251 1250 1337 1304 certe
1361 1263 1420 1326 per
1434 1263 1487 1304 me
1502 1263 1561 1304 non

373 1345 584 1430 praebebitur
618 1344 838 1410 calumniandi
872 1347 1009 1411 occasio.
1054 1345 1168 1409 Nullus
1204 1346 1289 1409 enim
1323 1345 1376 1409 hic
1408 1346 1471 1409 sibi
1502 1368 1561 1410 non

372 1453 529 1536 permittit
553 1453 732 1515 censoriam
754 1451 925 1536 uirgulam.
963 1451 1013 1514 Ne
1036 1459 1146 1514 tamen
1170 1451 1267 1514 amici
1289 1451 1373 1513 votis
1396 1451 1430 1512 in
1461 1459 1561 1512 totum

373 1554 515 1618 defuisse
538 1555 675 1632 uiderer,
700 1555 777 1620 dedi
792 1578 933 1640 operam,
958 1563 993 1618 ut
1009 1555 1051 1620 ab
1068 1555 1217 1619 amiculis
1241 1555 1453 1640 suppleretur,
1479 1553 1561 1640 quod

373 1661 442 1744 ipse
466 1670 630 1745 praestare
653 1682 777 1724 recuso.
824 1659 858 1724 Si
882 1683 924 1724 ex
947 1660 1097 1725 omnibus
1131 1682 1172 1724 ne
1201 1682 1301 1723 unum
1333 1659 1466 1745 quidem
1490 1662 1560 1722 arri·

374 1766 459 1842 serit,
484 1764 568 1828 male
592 1764 747 1828 ceciderit
769 1763 850 1828 alea.
896 1765 986 1828 Bene
1009 1764 1093 1842 vale,
1117 1765 1217 1830 frater
1240 1786 1282 1828 ex
1305 1765 1412 1828 animo
1436 1763 1559 1828 dilecte.

371 1869 504 1954 Raptim
528 1869 629 1934 altera
652 1869 794 1934 MathIae
818 1869 964 1955 apostoli.

475 1993 529 2042 Aua
548 1993 608 2042 dem
627 1993 691 2044 (lod.
711 1994 775 2044 Hor.
793 1993 825 2042 A.
844 2011 869 2059 p.
889 1993 976 2044 15111.

856 2218 1082 2284 LXXXVIII.

373 2385 558 2440 Distiehon
582 2385 619 2440 in
642 2385 767 2440 diuum
790 2385 962 2441 Joannem
987 2385 1181 2452 Baptistam
1205 2385 1356 2439 Herodis
1385 2385 1488 2440 iussu
1517 2385 1558 2439 ob

419 2490 657 2546 saltatriculae
680 2490 889 2556 petitionem
911 2491 1138 2554 decollatum,
1161 2491 1304 2546 auctore
1328 2490 1513 2546 Franciseo

883 2595 1054 2652 Fassorio.

616 2747 732 2810 Gemite,
750 2763 831 2813 quarn
850 2747 935 2798 dirum
955 2748 1062 2798 rabidus
1080 2747 1151 2798 liuor
1168 2747 1255 2798 scelus
1272 2748 1364 2813 optat¹

649 2833 766 2898 Gemite,
785 2833 934 2884 foemineus
951 2849 1032 2900 quam
1051 2834 1122 2884 11111
1141 2850 1225 2886 sermo
1245 2839 1327 2899 petat.

860 2971 940 3022 Aliud
957 2972 1076 3024 eiusdem.

617 3077 784 3143 verbigenae
802 3079 956 3144 quicunque
975 3078 1018 3129 dei
1037 3079 1165 3142 mysteria
1182 3078 1285 3143 pandis,

647 3165 691 3214 Me
709 3165 778 3214 duce
796 3165 835 3214 nil
853 3170 958 3215 metuas
975 3166 1068 3231 nilque
1086 3167 1175 3216 subire
1193 3180 1283 3231 graue

856 3305 977 3354 Eteadem
996 3305 1076 3354 aliud.

613 3409 671 3458 Rex
689 3408 780 3458 hilaris
799 3413 872 3475 nepti
890 3412 996 3475 recipit:
1015 3425 1192 3475 quaecunque
1210 3409 1319 3474 puella²

649 3498 782 3560 Posceret,
800 3500 947 3563 acciperet:
966 3498 1012 3548 dat
1030 3503 1119 3562 caput,
1138 3496 1186 3546 1111
1205 3499 1279 3562 petit.
1340 3525 1341 3528 =

902 3637 1031 3687 Eiusdem.

613 3743 728 3805 Gemite,
747 3742 896 3793 foemineus
914 3741 978 3807 quid
996 3742 1065 3790 liuor
1084 3743 1201 3790 criminis
1220 3745 1302 3805 optat,

647 3830 763 3892 Gemite,
783 3829 854 3896 quod
873 3829 976 3878 facinus
995 3843 1077 3878 saeua
1095 3827 1177 3877 libido
1196 3832 1291 3892 patrat.

857 3968 936 4018 Aliud
954 3968 1072 4019 eimdem.

613 4077 734 4126 Incestus
753 4078 827 4141 nepti
845 4074 966 4125 Herodes
984 4075 1099 4141 ‚quiduis
1117 4075 1186 4140 pete‘
1205 4073 1326 4123 mandat:

647 4163 713 4212 Vult
731 4164 787 4228 peti
805 4163 912 4212 Ioannis
930 4166 1023 4211 mater*
1033 4175 1124 4211 111111
1142 4166 1230 4226 eaput.

856 4283 978 4333 Eluadem
996 4284 1076 4334 allud.

611 4391 722 4453 ‚Posce,‘
741 4391 780 4438 ait
798 4389 927 4452 Herodes,
947 4389 1043 4453 ,nepti:
1062 4389 1101 4437 nil
1118 4403 1201 4453 regna
1220 4388 1374 4453 1111111111.ι

645 4475 770 4527 Postulat
788 4477 854 4527 haec
873 4477 968 4538 sancti,
987 4475 1033 4524 dat
1051 4480 1131 4540 caput
1149 4474 1196 4525 ille
1215 4477 1272 4524 viri.
