3320 5742
94 503 199 574 [793]
418 513 520 555 erasmus
534 524 575 552 von
589 513 714 553 Retterdam
728 512 772 552 und
786 511 893 552 Martinus
907 511 1002 562 Lipsius.
1243 499 1303 561 131

94 688 266 752 dominus
282 689 385 754 abbas
400 689 610 774 responderit,
636 709 874 773 superuacuum
889 695 967 771 puto
982 686 1113 764 referre,
1137 700 1308 774 propterea

96 794 192 878 quod
219 794 281 858 alii
303 804 335 858 te
358 797 422 857 iam
444 793 614 857 deuoueris
637 793 789 856 instituto.
821 792 909 856 Patri
932 801 987 855 tuo
1010 792 1215 857 nihilominus
1238 796 1308 858 inti-

94 900 192 962 maui
227 921 294 984 per
323 899 416 963 binas
447 897 555 962 literas
578 898 706 962 abbatis
729 899 872 961 animum
895 906 927 960 et
951 898 1104 974 consului,
1136 909 1172 962 ut
1195 909 1226 962 te
1249 921 1308 984 per

94 1003 283 1068 biennium
317 1004 530 1066 trienniumue
565 1002 691 1066 scholas
724 1002 930 1086 frequentare
964 1004 1166 1087 permitteret
1198 1013 1232 1066 et
1266 1003 1307 1067 de

96 1111 197 1172 victu
232 1109 373 1196 aliisque
400 1109 589 1172 necessariis
612 1108 798 1192 prouideret
820 1107 908 1192 apud
931 1107 1070 1191 aliquem
1093 1108 1232 1193 probum
1254 1130 1307 1193 pa-

97 1217 183 1278 riter
208 1237 253 1279 ac
279 1214 410 1278 doctum
432 1215 547 1290 virum,
576 1214 687 1277 autin
710 1213 1009 1297 Hieronymitarum
1032 1213 1165 1296 collegio
1188 1214 1308 1278 alieubi

96 1329 131 1382 te
166 1319 360 1395 collocaret,
392 1318 496 1382 donec
526 1318 669 1381 lubricae
700 1319 814 1381 aetatis
845 1339 946 1381 annos
977 1339 1102 1381 morum
1124 1319 1307 1381 maturitate

99 1434 134 1487 et
159 1424 269 1488 studii
292 1423 479 1488 assiduitate
502 1422 766 1499 transcendisses,
801 1432 960 1508 quatenus
991 1422 1123 1485 tandem
1154 1422 1197 1486 ad
1220 1432 1307 1508 opta-

100 1537 176 1592 tum
202 1528 364 1592 deuenire
387 1549 499 1613 posses
521 1527 629 1590 finem.
653 1526 783 1590 Interea
806 1526 954 1591 dominus
978 1525 1081 1590 abbas
1103 1537 1219 1603 noster,
1245 1529 1306 1604 cui,

100 1644 138 1696 ut
166 1634 343 1718 praefatus
367 1654 446 1709 sum,
478 1642 510 1696 te
538 1631 808 1709 commendaram,
833 1632 919 1694 viam
941 1632 1111 1694 uniuersae
1135 1633 1240 1694 carnis
1262 1634 1307 1694 in-

102 1759 244 1821 gressus
277 1748 327 1802 est
358 1747 390 1801 et
417 1740 453 1814 is,
486 1738 540 1823 qui
571 1739 603 1800 in
635 1736 779 1800 defuncti
809 1735 915 1800 locum
948 1737 1112 1811 successit,
1145 1737 1306 1822 incapite

102 1842 277 1906 aduentus
308 1842 460 1906 dominici
492 1851 595 1905 certas
627 1840 668 1905 ob
700 1862 813 1904 causas
836 1839 1025 1904 Bruxellam
1055 1839 1219 1925 profectus
1248 1850 1305 1917 est,

107 1949 205 2010 cuius
230 1948 436 2032 praesentiae
459 1956 495 2009 ut
516 1948 586 2030 ipse
609 1944 818 2021 exhibereris,
848 1953 973 2029 patrem
996 1954 1086 2008 tuum
1109 1967 1168 2029 per
1192 1946 1306 2030 episto·

104 2050 172 2114 lam
196 2051 313 2114 monui
337 2060 369 2113 et
391 2051 512 2134 rogaui.
536 2050 611 2134 Ipse
635 2071 712 2112 vero
736 2048 910 2133 respondit,
936 2047 1024 2133 quod
1043 2057 1075 2110 te
1090 2049 1123 2111 in
1140 2049 1307 2112 academia

104 2155 313 2219 Louaniensi
351 2155 439 2240 apud
477 2156 648 2218 canonicos
684 2153 749 2217 diui
783 2153 957 2236 Augustini
993 2153 1171 2217 studiorum
1204 2155 1308 2237 gratia
1394 2179 1395 2184 ¹

106 2260 306 2324 collocasset
327 2283 366 2323 ao
389 2270 463 2344 post
485 2260 714 2343 sesquiannum
736 2259 800 2321 tuis
824 2258 970 2321 deuictis
994 2257 1145 2342 precibus
1161 2257 1218 2321 tibi
1235 2281 1307 2322 con·

109 2367 281 2440 sensisset,
313 2374 349 2427 ut
378 2364 499 2429 ibidem
529 2365 640 2426 viuere
671 2384 782 2447 posses
806 2385 845 2426 ac
867 2363 948 2426 mori
971 2363 1004 2425 in
1027 2361 1116 2424 cultu
1138 2371 1170 2425 et
1194 2365 1308 2426 consti-

108 2470 295 2534 tutionibus
319 2468 504 2532 eorundem.
549 2466 676 2546 Quibus
699 2467 816 2531 auditis
839 2489 904 2531 non
928 2468 1076 2531 obstante
1098 2488 1171 2530 mea
1194 2488 1252 2551 pro
1276 2478 1307 2531 te

109 2574 342 2650 sollicitudine,
367 2595 431 2658 qua
454 2573 607 2658 optabam
629 2581 661 2634 te
677 2573 709 2635 in
725 2582 833 2636 nostro
850 2572 1004 2636 coenobio
1020 2572 1168 2636 famulari
1185 2593 1308 2636 summo

108 2678 180 2756 dec,
206 2681 357 2764 protinus
381 2677 631 2741 consolationem
654 2678 775 2760 accepi,
801 2699 864 2740 non
888 2697 1045 2761 quaerens
1068 2697 1174 2739 meam
1196 2676 1258 2739 hac
1274 2678 1307 2738 in

107 2805 143 2846 re
176 2783 438 2859 oblectationem,
471 2781 528 2845 sed
558 2780 703 2845 diuinam
733 2801 811 2864 erga
840 2789 872 2844 te
903 2780 1028 2864 impleri
1059 2781 1306 2865 prouidentiam,

108 2911 310 2974 persuasum
332 2887 465 2964 habens,
497 2886 583 2971 quod
605 2887 639 2948 in
662 2888 775 2969 quouis
797 2885 867 2950 loco
891 2908 974 2948 unus
997 2885 1077 2949 deus
1101 2886 1222 2962 colitur,
1253 2889 1307 2949 uni

108 2995 179 3077 regi
216 2993 381 3058 militatur.
428 2992 471 3054 Et
503 2992 579 3055 licet
614 3012 748 3075 corpore
783 2991 824 3054 ob
855 2990 999 3057 locorum
1031 2991 1307 3075 intercapedinem

109 3119 224 3172 sumus
250 3097 412 3173 disiuncti,
437 3105 544 3160 mente
567 3106 675 3160 tamen
698 3118 737 3159 ac
754 3096 868 3181 spiritu
883 3117 942 3180 per
958 3095 1148 3159 charitatem
1164 3097 1307 3159 vicissim

108 3204 192 3267 alius
217 3225 280 3288 pro
302 3203 364 3267 alio
386 3210 558 3286 precantes
580 3202 663 3265 uniti
688 3223 757 3264 esse
781 3222 960 3286 possumus.
995 3199 1066 3262 Nec
1089 3199 1197 3281 refert,
1223 3200 1308 3284 quod

109 3309 229 3393 capitis
264 3329 383 3371 corona
415 3316 447 3369 et
470 3307 611 3391 corporis
635 3305 724 3370 cultu
747 3305 918 3370 dissimiles
942 3327 1060 3381 sumus,
1089 3304 1184 3368 modo
1209 3304 1308 3368 chari-

108 3420 176 3475 tate
201 3435 270 3476 non
293 3413 378 3488 ficta,
402 3410 581 3474 humilitate
596 3433 684 3487 vera,
710 3409 901 3486 obedientia,
926 3410 1176 3493 longanimitate,
1202 3409 1307 3473 cordis

107 3519 255 3601 puritate
278 3517 412 3602 aliisque
435 3516 608 3580 virtutibus
632 3538 740 3580 coram
764 3515 824 3580 deo
847 3516 1064 3601 pariformiter
1086 3516 1228 3597 insigniti
1258 3537 1305 3576 re-

109 3625 288 3706 periamur.
334 3622 461 3697 Fateor,
493 3631 591 3705 auget
621 3621 727 3684 cordis
757 3622 820 3684 mei
851 3621 1020 3696 laeticiam,
1053 3620 1140 3705 quod
1170 3641 1235 3682 non
1265 3619 1307 3682 ad

108 3726 267 3793 ordinem
285 3726 581 3802 Dominioanorum‚
607 3727 831 3790 Minoritarum
854 3725 906 3788 vel
936 3733 1136 3788 caeterorum
1160 3745 1307 3808 quorum-

107 3829 191 3894 libet
215 3830 470 3895 mendicantium
494 3831 536 3893 sis
559 3840 702 3906 vocatus,
728 3831 783 3915 qui
805 3830 881 3893 licet
904 3830 938 3892 in
962 3849 1018 3891 suo
1042 3829 1176 3912 quisque
1193 3826 1305 3910 gradu,

109 3935 135 3996 si
166 3947 260 4000 recte
292 3936 413 4012 uiuant,
446 3936 564 4020 optime
595 3935 716 3998 seruari
746 3931 881 4019 possint,
914 3934 989 4018 quia
1020 3941 1127 3996 tamen
1167 3954 1307 4016 quaqua-

108 4061 248 4105 uersum
270 4042 425 4105 curritare
450 4049 607 4123 coguntur
630 4049 662 4103 et
684 4041 767 4103 inter
791 4037 951 4101 seculares
967 4036 1156 4121 plerumque
1173 4037 1304 4112 versari,

110 4153 222 4209 metus
258 4155 315 4227 est,
352 4167 391 4208 ne
422 4145 495 4230 plus
525 4144 564 4208 de
595 4145 726 4230 propria
761 4144 809 4206 sui
844 4141 949 4206 cordis
983 4142 1123 4226 puritate
1157 4139 1305 4226 perdant,

110 4267 212 4330 quam
243 4249 284 4313 de
313 4249 535 4334 proximorum
566 4248 667 4312 salute
698 4247 872 4310 lucrentur.
918 4246 1042 4309 Iccirco
1065 4245 1133 4322 tibi,
1166 4245 1243 4308 mihi
1268 4267 1306 4306 ac

110 4356 215 4418 nostri
242 4354 399 4419 similibus
423 4375 625 4438 summopere
650 4337 828 4417 curandum
845 4361 901 4428 est,
926 4373 967 4415 ne
983 4360 1127 4414 nostrum
1144 4371 1308 4413 secessum

112 4478 152 4532 ac
176 4459 383 4523 solitudinem
408 4459 504 4542 digno
527 4459 635 4523 fructu
658 4479 774 4521 vacare
798 4458 967 4541 patiamur.
1015 4455 1103 4535 Quin
1125 4457 1188 4519 imo
1220 4454 1307 4539 quod

112 4560 158 4625 illi
195 4565 281 4628 inter
315 4563 476 4627 seculares
514 4585 577 4626 non
616 4564 684 4627 sine
722 4563 769 4624 sui
808 4560 977 4646 dispendio
1015 4561 1307 4624 circumcursantes

114 4667 259 4754 undique
291 4667 420 4732 efficere
452 4677 617 4744 conantur,
649 4667 711 4732 hoc
740 4688 799 4730 nos
829 4687 888 4750 per
917 4665 1071 4730 humilem
1101 4674 1133 4728 et
1163 4671 1308 4727 sanctam
