3372 5768
106 561 206 633 [727]
426 577 526 616 Erasmus
541 589 581 616 von
595 577 721 617 Rotterdam
735 577 780 617 und
794 577 901 618 Martinus
916 577 1011 628 Lipsius.
1270 562 1312 626 65

106 771 316 815 semoueam.
354 753 496 816 Dabitur
513 775 619 837 opera,
644 753 834 837 nequando
857 753 975 817 frustra
998 764 1029 817 te
1052 757 1213 818 monuisse
1237 777 1311 840 que-

105 856 202 918 raris,
255 854 367 941 Atque
390 858 520 934 utinam,
549 867 585 920 ut
607 856 668 919 hac
691 858 724 919 in
747 881 792 934 re,
821 859 867 920 ita
889 859 921 921 in
944 858 1013 922 aliis
1035 860 1137 922 iustae
1162 859 1310 944 querelae
1398 923 1399 926 ,

106 980 232 1023 causas
264 977 393 1046 possem
421 960 563 1025 adnuere
586 964 700 1025 amico.
747 961 811 1025 Sed
835 962 912 1046 quid
935 962 1057 1027 facias?
1101 963 1310 1027 Necessitatis

106 1065 228 1146 iugum
264 1067 337 1150 quis
367 1067 511 1129 excussit
537 1065 702 1150 unquam?
747 1067 861 1150 ltaque
888 1076 924 1130 ut
951 1066 1052 1144 vides,
1084 1069 1127 1130 mi
1149 1067 1308 1152 Philippe,

105 1191 182 1232 meo
200 1171 293 1234 nicio
309 1172 341 1233 in
357 1170 464 1234 locum
480 1169 580 1234 multo
596 1171 786 1254 iniquiorem
803 1170 909 1234 decidi
926 1193 1022 1256 quam
1038 1181 1073 1234 tu
1087 1193 1239 1256 unquam.
1271 1173 1310 1235 ln

104 1272 157 1336 his
182 1277 348 1358 angustiis
368 1277 471 1360 posito
488 1273 555 1338 sola
570 1284 625 1338 tua
639 1274 821 1338 humanitas
838 1275 948 1339 solatio
964 1285 1021 1353 est,
1047 1299 1129 1360 quae
1145 1277 1310 1341 turbatum

106 1388 140 1441 et
157 1380 377 1465 irrequietum
392 1381 425 1443 in
437 1401 507 1443 sese
519 1381 662 1443 animum
674 1379 844 1443 demulcet.
868 1379 999 1464 Alioqui
1011 1379 1052 1444 ad
1065 1379 1216 1465 laqueum
1231 1380 1308 1444 mihi

105 1484 359 1568 properandum
383 1493 459 1560 erat,
485 1486 539 1568 qui
561 1507 619 1568 pro
638 1480 689 1548 'tot
712 1484 884 1551 exantlatis
906 1484 1070 1548 laboribus
1095 1483 1166 1570 (nil)
1181 1493 1310 1569 praeter

106 1587 272 1671 frigidum
287 1612 326 1654 ac
342 1589 537 1652 ineruditum
551 1588 686 1673 rependi
703 1588 893 1673 epistolium.
929 1587 1118 1652 Claudenda
1138 1589 1309 1652 uidebatur
1345 1610 1346 1613 ’

106 1695 261 1779 epistola,
288 1695 345 1758 sed
361 1716 460 1779 quum
475 1695 567 1758 iuxta
582 1695 796 1778 paroemiam¹
821 1695 997 1757 amicorum
1021 1695 1127 1758 omnia
1146 1695 1209 1756 sint
1225 1716 1308 1758 com-

106 1799 235 1875 munia,
266 1820 406 1882 aequum
430 1807 486 1874 est,
515 1806 551 1861 ut
573 1807 605 1860 et
627 1799 806 1861 nouitatum
830 1799 870 1860 sit
892 1798 977 1861 inter
998 1799 1085 1882 ipsos
1114 1799 1305 1861 communio.

105 1902 192 1965 Heri
216 1925 282 1992 nos
302 1904 410 1968 inuisit
433 1904 566 1985 insignis
588 1902 641 1965 ille
665 1903 823 1967 bonarum
845 1903 1010 1966 literarum
1032 1902 1195 1988 professor
1213 1902 1307 1966 Nico-

106 2005 180 2070 laus
197 2006 482 2071 Buseoducensis²
503 2030 569 2070 una
589 2029 663 2071 cum
678 2007 830 2071 Hebraeo
846 2017 954 2071 nostro
970 2007 1090 2071 Ioanne
1107 2006 1307 2092 (lampensi.³

106 2111 200 2175 Inter
232 2110 458 2198 prandendum
488 2121 520 2175 et
549 2111 664 2197 lepidis
694 2122 726 2175 et
755 2112 888 2176 eruditis
918 2111 1035 2176 fabulis
1058 2112 1202 2175 vicissim
1224 2111 1306 2176 alius

107 2216 210 2281 alium
237 2216 480 2281 oblectauimus.
527 2217 698 2280 Hebraeus
720 2215 814 2280 nobis
837 2214 1046 2280 eGermauia
1060 2238 1137 2280 mox
1152 2226 1306 2281 venturos

107 2320 246 2386 dicebat
269 2323 301 2385 in
324 2323 471 2386 Marcum
494 2330 526 2385 et
549 2324 582 2385 in
604 2320 781 2406 apostolica
803 2331 876 2385 acta
898 2321 1139 2406 Paraphrases4
1161 2331 1194 2386 et
1222 2344 1305 2387 com-

108 2429 273 2491 mentaria
287 2428 321 2489 in
337 2428 512 2490 orationem
532 2427 757 2491 dominicam.⁵
786 2427 931 2490 Primum
952 2428 1194 2510 quaternionem
1214 2449 1305 2512 para-

107 2531 268 2615 phraseos
299 2532 332 2594 in
362 2540 436 2595 acta
465 2531 542 2595 mihi
573 2531 721 2595 exhibuit
743 2530 1002 2595 Buscodueensis
1025 2531 1153 2617 legique
1177 2532 1304 2596 Erasmi

107 2636 354 2719 praefationem,
391 2659 454 2721 qua
489 2659 581 2700 suum
614 2637 675 2701 hoe
707 2658 787 2721 opus
817 2635 946 2700 dedicat
976 2635 1134 2700 Clementi
1162 2637 1303 2700 maximo

107 2736 287 2823 pomiflua
323 2739 406 2804 Vale
428 2742 604 2805 amicorum
626 2741 841 2824 integerrime.
887 2741 940 2804 Ex
962 2750 1072 2805 nostra
1095 2739 1218 2804 cellula.

216 2864 271 2914 Aus
289 2864 349 2914 dem
368 2863 432 2914 Cod.
451 2865 515 2914 Hor.
534 2866 565 2915 A.
585 2883 610 2930 p.
629 2865 663 2914 85
680 2864 707 2914 ff.

151 3091 160 3124 ¹
180 3085 256 3140 Κοινὰ
276 3088 305 3140 τὰ
327 3088 405 3156 φίλων
422 3093 486 3140 Zeu.
507 3092 553 3141 IV.
570 3093 603 3140 59
625 3093 674 3141 mit
696 3091 743 3140 der
763 3091 833 3140 Note
851 3090 1071 3154 Schneidewin's3
1097 3090 1199 3140 Erasm.
1218 3090 1302 3156 Adag.

179 3180 229 3229 III.
251 3179 319 3228 13F.

152 3266 310 3317 ²Nicolaus
328 3267 551 3316 Busohiducensis
570 3265 628 3330 (aus
646 3266 879 3332 Hertogenbusch)
899 3282 953 3316 war
970 3267 1096 3315 111111518
1112 3265 1303 3316 Schulmeister

179 3371 213 3404 zu
225 3355 399 3419 Antwerpen3
417 3353 543 3404 Erasmus
557 3353 623 3425 l'a'sst
635 3354 683 3403 ihn
697 3354 780 3403 durch
792 3353 888 3402 Petrus
900 3353 1028 3419 Aegidius
1041 3358 1152 3418 griissen
1166 3352 1224 3418 (ΙΠ.
1239 3353 1300 3418 384)

178 3442 235 3491 und
254 3440 391 3506 empfiehlt
417 3440 464 3490 ihn
489 3456 534 3489 um
555 3442 620 3490 1519
645 3440 731 3505 (533);
756 3455 785 3490 er
807 3445 891 3489 neunt
905 3439 960 3506 ‘ihu
985 3440 1062 3490 dabei
1081 3440 1159 3490 homo
1179 3441 1301 3489 omnibus

179 3530 342 3579 notissimus.
373 3528 434 3594 Vgl.
453 3528 505 3578 den
523 3528 600 3578 Brief
615 3528 662 3578 des
679 3528 805 3577 Erasmus
823 3543 859 3577 an
876 3527 923 3577 ihn
943 3526 1001 3592 (111.
1020 3529 1070 3576 572
1089 3526 1128 3592 fi),
1146 3529 1175 3576 in
1193 3527 1253 3576 dem
1273 3542 1301 3576 er

178 3618 226 3666 ihn
245 3633 306 3688 zum
324 3617 476 3667 Ausharren
499 3616 547 3665 auf
568 3617 669 3666 seinem
687 3617 786 3666 Posten
808 3615 931 3666 ermahnt
953 3615 1009 3664 und
1031 3615 1078 3664 ihn
1096 3615 1180 3664 demit
1198 3619 1299 3674 trostet,

178 3705 239 3754 dass
257 3705 300 3754 die
319 3706 413 3754 Zeiten
431 3705 520 3754 besser
538 3704 645 3754 werden
663 3703 770 3752 dtirften
790 3703 842 3766 (31.
861 3703 965 3768 August
985 3701 1070 3766 1520).

151 3791 161 3825 ³
178 3793 250 3842 Jean
268 3806 321 3841 van
334 3791 385 3841 den
398 3790 517 3856 Campen
531 3790 717 3856 (Campensis),
736 3790 876 3840 Professor
893 3789 939 3838 des
952 3789 1137 3840 Hebraischen
1155 3805 1189 3838 zu
1201 3790 1302 3838 Ltwen

180 3879 226 3944 (cf.
245 3879 319 3928 Neve
338 3881 388 3928 235
408 3879 443 3941 a,
464 3880 620 3943 314-318),
643 3879 703 3944 geb.
723 3880 789 3926 1490
812 3894 845 3926 zu
863 3878 983 3943 Campen
1001 3877 1044 3926 bei
1061 3877 1205 3939 Deventer,
1229 3877 1299 3926 starb

182 3968 249 4015 1538
268 3983 301 4016 zu
315 3967 446 4032 Freiburg
457 3967 493 4015 im
506 3967 636 4032 Breisgau
655 3982 689 4016 an
708 3966 755 4016 der
768 3967 838 4016 Pest.
876 3966 967 4016 Ueber
985 3966 1059 4014 scine
1072 3964 1171 4014 Werke
1190 3963 1300 4013 handelt

179 4053 331 4120 eingehend
349 4053 431 4104 Neve.

150 4142 160 4173 ⁴
178 4141 344 4192 Ersohienen
364 4144 435 4190 1524-
449 4146 529 4190 unter
547 4141 606 4190 dem
623 4141 708 4190 Titel:
728 4141 759 4190 In
777 4139 957 4205 Evangelium
976 4140 1059 4188 Marci
1077 4137 1204 4201 Paraphr.
1217 4137 1299 4187 Basil.

181 4231 255 4278 1524.
269 4228 314 4278 fol.
328 4233 355 4278 et
367 4226 408 4291 8⁰3
427 4245 460 4277 au
470 4229 632 4292 Antwerpen
645 4228 700 4277 und
713 4227 868 4292 Strassburg
879 4229 907 4276 in
921 4225 1076 4276 demselben
1085 4225 1167 4275 Jahre
1180 4226 1248 4274 und:
1267 4226 1298 4274 In

178 4316 246 4366 Acta
258 4315 445 4381 Apostolorum
459 4314 585 4380 Paraphr.
597 4314 630 4365 E.
642 4315 674 4364 R.
684 4313 766 4364 Basil.
788 4315 854 4363 1530
866 4313 988 4384 bemerkt
999 4312 1126 4362 Erasmus
1139 4311 1197 4376 (III.
1212 4311 1299 4376 1309),

179 4403 239 4452 dass
258 4417 286 4452 er
305 4403 391 4452 dieses
409 4401 493 4452 Wcrk
512 4401 560 4451 auf
574 4402 685 4451 Antrieb
705 4400 849 4450 Tonstall's
867 4399 1040 4466 geschrieben
1059 4399 1135 4448 habe.

151 4489 230 4539 ⁵Die
253 4489 345 4539 Oratio
370 4490 502 4539 dominica
525 4487 645 4538 erschien
668 4495 747 4538 unter
771 4488 830 4538 dem
854 4486 938 4537 Titel:
964 4487 1087 4536 Precatio
1112 4485 1246 4535 dominica
1269 4486 1298 4533 in

178 4582 279 4641 septem
302 4579 437 4642 portiones
460 4576 601 4626 distributa
618 4591 665 4641 per
686 4576 717 4625 A.
735 4576 766 4625 E.
785 4577 852 4624 1523
874 4577 903 4623 in
921 4575 997 4624 Paris
1014 4573 1069 4623 und
1088 4573 1160 4623 daun
1180 4573 1247 4622 1524
1269 4575 1297 4620 in

176 4664 280 4728 Argest.

150 4749 269 4798 6Datirt
289 4767 350 4800 vom
372 4753 411 4800 13.
431 4751 636 4800 Februar1524
656 4749 755 4815 (Opera
772 4750 819 4798 111.
841 4748 910 4815 183).
